2188 3447
805 212 1063 254 -17-

225 334 297 382 De
330 334 583 393 «Persa»,
636 333 1053 394 «Truculento»,
1094 335 1482 395 «Mercatore»,
1515 335 1745 386 «Cistel-

129 405 298 459 laria»
327 411 404 472 (ct
433 407 799 474 «vimnau-ia»)
827 408 955 457 mihi
983 409 1119 457 haud
1152 409 1280 457 satis
1317 410 1504 474 liquet.

224 487 525 551 Antequam
573 485 636 534 de
673 486 962 534 comoediis
1000 486 1377 535 contaminatis
1431 488 1653 551 singulis
1684 487 1754 535 ‹li-

131 576 212 622 co,
262 561 540 611 dicendum
595 567 678 611 est
729 563 855 612 mihi
895 562 1055 611 etiam
1106 563 1157 610 in
1199 563 1259 610 iis
1292 564 1586 623 eomundus,
1623 582 1751 630 quas

130 653 228 702 ego
262 638 714 688 incontaminatas
746 656 861 687 esse
894 640 1094 704 putavi,
1131 656 1245 687 esse
1284 640 1537 705 quasdam
1572 642 1754 690 incon-

130 716 602 781 seqiientias‚qi1ae
625 718 803 762 tamen
835 714 1309 780 inconsequentiae
1343 717 1538 765 nullam
1573 722 1754 766 conta-

132 790 498 848 minationem‚
539 791 629 840 sed
665 794 869 841 tantum
901 792 1163 857 quandam
1195 795 1644 858 permutationem
1676 796 1753 843 in-

132 864 346 930 dicent;
391 871 445 916 ut
491 883 592 916 uno
633 867 875 932 exemplo
924 871 1063 928 utar,
1106 867 1156 916 in
1191 869 1562 930 Bacchidibus,
1598 872 1667 920 IV
1701 878 1746 930 ὅ,

132 943 282 994 miles
318 944 670 994 Cleomachus
707 944 905 993 incedit
938 945 991 993 in
1027 961 1273 994 scaenam
1303 947 1383 995 his
1419 948 1594 996 verbis
1624 969 1631 997 :

309 1053 494 1088 Meamne
520 1045 584 1085 hic
611 1045 888 1086 Mnesilochus
917 1045 1105 1087 Nicobuli
1136 1046 1242 1086 lilius

317 1123 389 1164 per
420 1110 500 1150 viin
535 1117 581 1150 ut
605 1110 781 1150 retineat.
805 1110 1053 1150 mulierem?
1082 1124 1190 1163 quae
1216 1111 1316 1151 haec
1341 1112 1539 1152 saetiost'?

131 1209 258 1267 Quis
297 1208 684 1259 Cleomachum
732 1210 1020 1259 certiorem
1071 1211 1202 1259 fecit
1246 1212 1563 1262 Bacchidem
1603 1231 1752 1264 suam

132 1287 356 1336 retineri
385 1303 415 1335 a
443 1287 798 1348 Mnesilocho,
867 1288 1116 1338 Nicobuli
1161 1290 1315 1340 filio?
1375 1291 1526 1339 Haud
1596 1292 1749 1342 dubie

132 1365 488 1415 Cleomachus
539 1366 688 1414 novit
735 1371 786 1415 et
820 1382 969 1415 erum
1022 1368 1413 1417 Mnesilochum
1442 1377 1495 1419 et
1541 1388 1751 1420 servum

134 1442 661 1508 Chrysaluin3'0),'sed
697 1444 850 1491 ambo
893 1444 1110 1510 reliquit
1149 1444 1199 1491 in
1229 1445 1457 1509 Epheso,
1486 1463 1601 1496 cum
1641 1447 1752 1512 ipse

132 1516 243 1567 illic
273 1518 548 1583 profectus
579 1522 696 1581 est3
727 1521 1014 1584 praeterea
1040 1518 1398 1568 Mnesilochus
1451 1537 1512 1569 ex
1544 1522 1750 1586 Epheso

131 1595 418 1661 epistulam
469 1613 630 1661 super
676 1595 866 1651 amica,
907 1600 962 1644 ut
1013 1613 1130 1645 eam
1166 1597 1432 1646 inveniret
1459 1601 1533 1665 5³¹0),
1573 1600 1754 1648 Pisto-

133 1672 277 1722 clero
304 1672 549 1722 miserat.
591 1672 721 1722 Cum
773 1677 952 1721 tamen
987 1690 1115 1739 opus
1144 1673 1231 1733 sit,
1265 1674 1647 1724 Cleomachum
1678 1677 1755 1724 di-

133 1752 274 1799 serte
315 1748 492 1800 dicere
528 1754 580 1799 et
611 1750 1196 1811 Mnesilochum,
1249 1751 1602 1802 Nicobuli
1659 1754 1754 1803 fi-

130 1826 304 1876 lium
346 1828 646 1887 nominare,
679 1831 734 1875 ut
765 1844 829 1876 ea
857 1832 1012 1893 pater
1042 1828 1376 1890 Mnesilochi,
1411 1847 1574 1880 senex
1595 1832 1754 1881 Nico-

130 1905 303 1965 bulus,
341 1905 426 1970 qui
460 1922 627 1970 prope
673 1905 759 1966 sit,
793 1905 993 1965 audiat,
1035 1922 1256 1956 necesse
1285 1910 1366 1955 est
1398 1907 1750 1958 Cleomachus

131 1981 265 2031 sciat
293 1981 681 2031 Mnesilochum
712 1997 851 2041 esse,
886 1982 972 2047 qui
998 1982 1230 2031 retineat
1264 1984 1622 2047 Bacchidem;
1659 1985 1753 2034 sed

129 2063 186 2108 ut
212 2059 310 2108 hoc
360 2058 514 2118 sciat,
560 2062 773 2122 oportet
801 2058 862 2106 de
893 2075 955 2107 ea
987 2076 1041 2109 re
1073 2076 1102 2108 a
1124 2060 1350 2125 quodam
1375 2066 1532 2112 antea
1553 2064 1754 2112 certior

130 2136 306 2185 factus
337 2136 403 2184 sit
431 2149 443 2199 3
480 2136 595 2201 quis
628 2139 807 2184 autem
844 2136 980 2185 alius
1012 2141 1230 2202 praeter
1255 2155 1405 2187 suum
1433 2142 1748 2204 parasitum,

131 2228 287 2278 quem
316 2211 406 2260 ille
438 2211 692 2268 misisset,
736 2215 790 2260 ut
821 2228 968 2260 suam
994 2213 1313 2262 Bacchidem
1342 2216 1423 2264 vel
1447 2232 1542 2280 pro
1578 2234 1641 2266 ea
1663 2234 1755 2266 ar—

129 2292 347 2354 gentum
370 2287 660 2353 reciperet,
688 2289 758 2337 lv
790 2292 964 2349 1—1‘2,
987 2293 1201 2353 poterat
1231 2290 1611 2342 Cleomachum
1637 2310 1759 2342 cer·-

130 2362 322 2412 tiorem
380 2362 585 2422 facere,
624 2361 1016 2412 Mnesilochum
1060 2364 1295 2414 retinere
1325 2383 1476 2416 suam
1524 2369 1755 2418 Bacchi-

130 2441 249 2491 dem
277 2456 450 2506 neque
484 2455 603 2488 eam
631 2439 856 2489 reddere
884 2441 1022 2490 velle
1046 2443 1069 2491 ἶ)
1095 2445 1164 2491 At
1193 2442 1344 2491 initio
1375 2448 1524 2493 actus
1554 2447 1750 2511 quarti,

130 2517 183 2567 in
216 2533 419 2567 scaena
471 2516 645 2581 prima
679 2520 731 2566 et
761 2517 1014 2579 secunda,
1071 2519 1257 2584 quibus
1310 2521 1436 2570 solis
1485 2524 1753 2587 parasitus

131 2593 330 2660 prodit,
357 2592 480 2643 huic
504 2592 829 2642 Bacchidem
855 2594 1184 2660 quaeritanti
1209 2611 1238 2643 a
1268 2596 1570 2647 Pistoclero
1593 2615 1758 2648 enun-

129 2663 321 2720 tiatum
351 2674 432 2720 est
460 2669 635 2730 modo,
677 2670 999 2720 Bacchidem
1029 2688 1135 2720 non
1168 2673 1245 2721 ire
1270 2686 1282 2737 3
1329 2690 1531 2739 negare
1568 2693 1623 2725 se
1648 2678 1755 2725 itu-

130 2758 283 2809 ram;
321 2745 484 2795 alium
519 2761 702 2794 amare
759 2746 925 2805 illam,
968 2764 1076 2796 non
1116 2748 1519 2799 Cleomachum.
1551 2753 1755 2801 Mnesi-

129 2822 341 2872 lochum
368 2822 637 2888 parasitus
667 2838 839 2888 neque
877 2823 1008 2873 vidit
1046 2841 1219 2891 neque
1273 2826 1476 2877 audivit
1499 2844 1620 2878 eum
1649 2831 1754 2880 iam

131 2914 194 2948 ex
215 2899 426 2963 Epheso
458 2897 706 2947 rediisse.
733 2899 897 2964 Atqui
929 2915 1052 2948 usus
1085 2905 1166 2949 est
1188 2902 1485 2965 parasitum
1514 2906 1752 2956 hocloco

210 3029 277 3075 34)
305 3026 358 3066 ef.
388 3039 426 3066 v.
454 3029 545 3066 872.

211 3092 275 3137 35)
306 3103 344 3128 v.
371 3091 438 3129 561
470 3102 532 3143 sq.
