2188 3447
821 148 1070 194 ...13-

127 271 423 339 Chrysalus
477 287 600 321 suas
654 273 928 322 machinas
968 274 1083 322 seni
1136 273 1394 323 Nicobulo
1458 273 1756 321 fabricatas

132 366 250 400 eum
282 350 528 399 facinore
561 349 869 399 Atridarum
901 366 1223 415 comparans
1256 349 1384 398 dicit
1413 367 1421 395 :

211 443 387 485 Atridae
413 443 496 484 duo
518 444 669 484 fratres
696 444 838 484 cluent
864 444 1010 485 secisse
1038 445 1197 484 facinus
1220 444 1468 490 maximum,

210 522 339 563 quom
367 507 522 549 Priami
547 508 724 562 patriam
759 514 1022 561 Pergamum.
1056 509 1080 547 ‹rl
1097 511 1107 548 i
1125 523 1147 547 v
1165 510 1174 548 i
1191 523 1213 548 n
1230 524 1252 548 a
1286 523 1323 548 m
1341 522 1364 548 o
1380 522 1402 549 e
1419 524 1442 548 n
1458 510 1467 549 i
1485 517 1500 548 t
1516 523 1553 548 m
1600 524 1636 548 m
1653 524 1676 549 a
1695 523 1718 548 n
1739 524 1764 549 u

207 575 353 621 armis,
385 574 519 627 equis,
547 574 730 615 exercitu
757 582 883 628 atque
905 574 1069 615 eximiis
1094 575 1362 614 bellatoribus

208 639 319 681 mille
345 653 440 680 cum
462 651 642 679 nurnero
667 638 833 678 navium
861 645 1037 680 decumo
1055 654 1161 679 anno
1185 648 1279 693 post
1303 640 1565 692 subegerunt

207 718 287 746 non
319 705 494 760 pedibus
519 711 725 744 termento
746 704 823 743 fuit
853 711 999 757 praeut
1020 718 1096 757 ego
1122 719 1239 745 erum
1271 706 1522 760 expugnabo
1551 718 1689 745 meum

207 771 293 812 sine
320 771 456 811 classe
485 769 659 823 sineque
683 769 867 810 exercitu
896 778 936 810 et
960 778 1075 810 tanto
1098 784 1272 812 numero
1303 771 1498 810 militum*

129 954 274 1010 puli..
301 987 309 995 .
346 958 413 995 701
441 973 447 995 ;
485 957 717 1006 Emungam
750 953 887 994 hercle
914 953 1123 994 hominem
1155 967 1179 1007 p
1199 967 1254 993 ro
1273 953 1332 992 be
1376 953 1510 1001 hodie,
1555 966 1603 992 ne
1627 952 1665 992 id
1691 967 1762 993 ne-

127 1020 329 1075 quiquam
361 1019 524 1060 dixerit.
554 1022 644 1060 766.
688 1020 867 1059 Versabo
915 1032 993 1072 ego
1031 1019 1146 1059 illum
1178 1018 1314 1067 bodie⁷
1346 1020 1376 1058 si
1407 1018 1517 1065 vivo.
1552 1032 1576 1072 p
1599 1032 1659 1059 ro
1681 1020 1703 1058 b
1725 1033 1760 1059 e.

131 1090 230 1128 1068
262 1099 326 1140 sq.
353 1085 431 1126 1100
452 1093 515 1125 est
541 1083 703 1138 incepta
725 1085 890 1125 efficere
921 1099 943 1137 p
960 1098 984 1124 u
1004 1084 1012 1124 1
1029 1098 1144 1124 cre:
1180 1085 1202 1124 b
1219 1084 1331 1124 ellu
1350 1084 1398 1124 le
1438 1082 1494 1123 mi
1518 1083 1669 1129 evenit,
1720 1093 1765 1123 ut

128 1164 258 1193 ovans
275 1149 428 1205 praeda
444 1157 620 1189 onustus
646 1149 894 1190 incederem.
922 1148 1099 1190 Pseud&
1115 1154 1169 1190 4¹:
1191 1149 1375 1189 meditati
1395 1156 1492 1188 sunt
1518 1147 1615 1187 mibi
1646 1148 1668 1187 d
1686 1148 1761 1188 oli

129 1217 153 1258 (1
171 1230 233 1258 00
250 1223 317 1258 te.
347 1219 471 1256 Persa
493 1220 584 1256 480:
610 1214 720 1255 hunc
745 1215 952 1256 bominem
984 1229 1064 1268 ego
1093 1215 1213 1256 hodie
1241 1216 1278 1254 in
1303 1222 1538 1254 trasennam
1569 1213 1760 1254 doctis

129 1281 408 1323 deducam
440 1281 622 1321 dolis:
671 1282 923 1323 1³seud.:‚·27
958 1295 1020 1335 sq.
1054 1295 1126 1334 per
1155 1281 1357 1322 doctos
1388 1280 1553 1320 dolos
1597 1278 1763 1319 tibicina

128 1344 439 1385 circumducam
470 1344 516 1383 le
534 1343 660 1396 pide
688 1343 892 1384 lenonem.
922 1343 972 1382 Hi
999 1343 1074 1384 loci
1099 1351 1139 1383 et
1177 1356 1282 1396 quos
1309 1346 1435 1397 paulo
1464 1351 1558 1395 post
1580 1342 1761 1381 confere-

128 1423 224 1450 mus
245 1409 469 1450 ostendunt
496 1409 534 1448 in
557 1409 723 1450 Trucul.
745 1412 817 1449 892
839 1409 1103 1449 scribendum
1124 1422 1215 1449 esse
1230 1422 1324 1448 cum
1343 1407 1582 1448 Camerario
1613 1420 1635 1446 a
1652 1420 1670 1447 s
1687 1414 1762 1447 tu-

127 1474 534 1516 tis-fallaciis
565 1482 605 1514 et
629 1474 668 1514 in
686 1478 799 1515 Poen
844 1479 930 1515 187:
951 1475 1007 1515 ita
1030 1475 1285 1528 decipiemus
1309 1475 1426 1514 fovea
1455 1474 1501 1514 le
1520 1472 1610 1527 pid
1628 1487 1648 1513 e
1676 1479 1761 1514 τὸν

128 1547 289 1584 λύκον
313 1541 381 1590 (cf⁴
407 1540 569 1581 Wiener
596 1540 784 1582 Studien.
815 1545 910 1582 1901
943 1554 1041 1593 pag.
1070 1543 1174 1593 176)·
1207 1541 1460 1593 ubicumque
1491 1539 1599 1580 enim
1623 1539 1763 1579 incidit

129 1621 268 1648 sermo
285 1607 333 1647 de
351 1606 444 1647 dolo
472 1606 708 1647 fabricando
729 1607 792 1647 vel
810 1607 890 1647 iam
908 1621 1002 1647 cum
1029 1615 1179 1647 eventu
1196 1606 1414 1654 fabricato,
1437 1605 1634 1645 adverbio
1661 1618 1762 1658 quo-

130 1671 225 1712 dam
252 1671 317 1721 (le
335 1685 358 1725 p
374 1671 386 1710 i
401 1671 425 1711 d
440 1685 476 1718 e,
505 1685 530 1725 p
552 1685 577 1711 u
594 1671 642 1712 10
658 1685 676 1711 r
692 1686 728 1718 e,
783 1685 807 1726 p
823 1686 842 1712 r
858 1686 882 1712 o
900 1672 922 1712 b
938 1686 975 1718 e,
1020 1671 1043 1711 d
1060 1685 1083 1712 0
1099 1681 1148 1711 ct
1163 1686 1185 1712 e
1215 1670 1431 1721 similibus)
1463 1670 1525 1710 vel
1557 1669 1761 1710 adiectivo

130 1736 250 1777 dolus
276 1743 459 1777 notatur:
484 1735 540 1775 ita
567 1736 692 1776 etiam
718 1736 756 1774 in
780 1736 931 1790 Amph.
953 1738 1042 1776 997:
1075 1735 1170 1775 faxo
1198 1749 1221 1788 p
1238 1749 1294 1775 ro
1315 1735 1336 1774 b
1353 1748 1374 1774 e
1404 1734 1484 1773 iam
1511 1733 1575 1773 hic
1595 1733 1759 1773 delude-

129 1808 212 1852 tur,
238 1808 512 1856 spectatores,
537 1801 652 1841 vobis
673 1800 1014 1855 inspectantibus.
1048 1806 1146 1842 1005
1173 1813 1180 1834 t
1231 1801 1312 1839 iam
1340 1799 1407 1839 ille
1436 1798 1501 1839 1110
1542 1798 1761 1839 deludetur

131 1865 322 1919 probe.
372 1863 520 1905 Pseud.
551 1870 650 1906 529:
685 1866 996 1906 circumducam
1041 1865 1194 1919 lepid
1213 1879 1232 1904 e
1284 1865 1470 1904 lenonem
1524 1868 1629 1904 585:
1675 1864 1762 1905 Bal-

129 1931 278 1972 lionem
326 1931 598 1972 exballistabo
642 1931 846 1986 lepide.
889 1935 983 1972 1308
1010 1951 1017 1973 ;
1045 1940 1092 1971 ut
1129 1945 1153 1984 p
1171 1944 1227 1971 ro
1247 1931 1304 1970 be
1348 1937 1486 1970 tactus
1526 1937 1588 1969 est
1609 1930 1756 1971 Ballio.

129 1997 300 2038 Curcul.
331 2001 404 2038 385
431 2013 439 2037 :
488 2011 567 2050 ego
599 1997 674 2037 hoc
721 1997 916 2038 effectum
966 1997 1159 2052 lepide
1206 1997 1276 2036 tibi
1324 1995 1502 2036 tradam.
1528 1999 1616 2036 Cas.
1647 1999 1720 2037 509
1748 2009 1754 2030 :

129 2062 332 2116 pulcre
378 2071 621 2116 praevortar
659 2063 781 2103 viros.
814 2065 988 2103 Mercat.
1017 2066 1122 2103 604:
1157 2061 1358 2115 pulcre
1396 2074 1443 2101 os
1472 2061 1651 2101 sublevit
1690 2074 1761 2115 pa-

129 2125 196 2168 tri.
229 2125 354 2168 Poen.
380 2131 451 2167 ‘201
477 2145 486 2168 ;
513 2126 646 2166 lenoni
670 2127 751 2167 iam
781 2126 979 2167 infortuni
1011 2127 1167 2167 intenta
1196 2126 1399 2166 ballistast
1437 2139 1459 2178 p
1476 2139 1533 2166 ro
1551 2126 1573 2165 b
1590 2139 1626 2166 e.
1656 2130 1759 2166 457:

128 2205 178 2232 eo
204 2201 327 2246 pacto
353 2205 505 2232 avarae
546 2193 689 2233 Veneri
731 2194 936 2247 pulcre
974 2192 1055 2233 adii
1088 2206 1272 2232 manum.
1311 2191 1497 2231 Trinum.
1531 2195 1636 2231 560:
1683 2191 1761 2231 le·

130 2257 259 2312 pide
303 2256 439 2298 hercle
467 2257 517 2297 de
541 2271 646 2310 agro
682 2272 761 2312 ego
790 2258 897 2299 bunc
929 2272 1067 2299 senem
1102 2258 1297 2299 deterrui.
1323 2262 1395 2298 817
1422 2275 1430 2294 ε
1458 2271 1641 2312 eumque
1671 2262 1759 2309 (sy-

127 2320 400 2375 cophantam)
431 2321 511 2362 huc
538 2323 587 2362 ad
616 2322 922 2364 adulescentem
952 2323 1205 2363 meditatum
1247 2323 1422 2376 probe
1453 2322 1629 2363 mittam.
1658 2327 1757 2362 Tru-

128 2386 209 2426 cul.
235 2391 311 2427 414
345 2400 407 2440 sq.
438 2386 654 2441 Quippini‚
701 2388 769 2427 ubi
796 2388 883 2428 sine
923 2388 1063 2428 labore
1107 2402 1173 2428 res
1201 2388 1288 2439 geri
1336 2387 1534 2440 pulcre
1584 2389 1757 2440 potest?

128 2452 202 2490 954
228 2467 236 2489 :
285 2450 374 2504 lep
394 2451 402 2490 i
420 2450 481 2491 de
528 2459 694 2492 ecastor
722 2452 929 2506 aucupavi
958 2460 1083 2505 atque
1106 2465 1154 2491 ex
1184 2465 1274 2491 mea
1302 2451 1519 2494 sententia.
1552 2452 1634 2492 Mil
1667 2457 1754 2492 935:

127 2517 210 2554 Vos
235 2514 360 2555 modo
404 2522 569 2562 curate,
613 2528 694 2567 ego
721 2517 833 2556 illum
887 2531 910 2570 p
928 2530 985 2556 ro
1003 2516 1063 2556 be
1110 2516 1190 2556 iam
1217 2522 1434 2556 oneratum
1463 2515 1544 2556 huc
1572 2516 1756 2557 aceiebo.

130 2581 263 2619 1142:
292 2585 339 2619 ut
380 2579 582 2632 lepide
615 2579 904 2620 deruncinavit
945 2580 1118 2620 militem
1166 2582 1260 2620 1161
1292 2597 1298 2617 ;
1349 2579 1520 2619 militem
1566 2579 1760 2633 lepide

129 2650 171 2684 et
195 2644 392 2684 facete
421 2650 464 2684 et
492 2643 583 2684 lau
604 2653 653 2684 te
691 2644 940 2685 ludificarier
965 2645 1058 2685 volo
1101 2649 1208 2685 907:
1245 2643 1435 2697 lepide
1465 2651 1505 2684 et
1532 2643 1760 2698 sapien-

128 2714 145 2748 t
161 2721 184 2749 e
199 2722 232 2756 r,
280 2723 302 2750 c
317 2722 340 2749 ο
357 2722 397 2748 m
418 2722 455 2748 m
472 2722 496 2749 o
513 2708 536 2748 d
553 2722 574 2749 e
616 2717 657 2749 et
698 2710 748 2749 fa
765 2723 785 2749 0
801 2723 822 2749 0
838 2717 852 2748 t
868 2723 889 2749 e
932 2723 997 2749 res
1022 2717 1227 2763 paratast.
1273 2708 1519 2749 Insolentius
1557 2709 1760 2762 gloriatur

128 2775 215 2816 suis
255 2775 360 2817 dolis
407 2776 556 2816 Tranio
585 2776 781 2824 (Mostell.
814 2780 885 2815 4⁶27
924 2781 1022 2831 sq.):
1058 2777 1111 2816 lu
1130 2777 1154 2816 d
1173 2790 1231 2816 os
1260 2790 1280 2816 e
1298 2790 1326 2829 g
1345 2790 1368 2816 o
1404 2775 1468 2816 110
1488 2775 1575 2815 (110
1618 2775 1719 2814 viv
1737 2789 1761 2815 o

129 2840 455 2895 praesenti
483 2841 507 2880 h
531 2841 579 2881 10
605 2841 728 2881 seni
753 2842 986 2889 faciam,
1016 2841 1170 2895 quod
1200 2841 1381 2881 credo
1412 2849 1643 2881 mortuo
1673 2854 1762 2879 nu·

131 2918 258 2959 mqu
277 2919 301 2946 a
319 2919 360 2945 m
390 2905 530 2945 fore.
565 2906 617 2946 cf.
648 2905 770 2946 etiam
811 2909 924 2960 Capt.
950 2907 1054 2960 prol.
1085 2910 1130 2946 40
1158 2926 1164 2946 :
1197 2905 1261 2945 hic
1288 2905 1408 2946 hodie
1438 2904 1630 2959 expediet
1655 2904 1759 2944 hanc

131 2969 299 3010 docte
340 2969 576 3010 fallaciam:
608 2970 703 3021 [Mil.
728 2971 832 3022 glor.
864 2974 933 3010 147
967 2984 1029 3024 sq.
1060 2971 1107 3011 Ei
1139 2984 1213 3010 nos
1259 2970 1473 3010 facetis
1512 2969 1760 3009 fabricis

131 3042 184 3073 et
232 3033 254 3072 d
271 3047 295 3073 o
311 3034 423 3073 ctis
466 3034 488 3072 d
505 3032 616 3073 olis
662 3034 933 3084 glaucumam
965 3035 1015 3073 ob
1048 3033 1192 3073 oculos
1219 3033 1478 3081 obiciemus].

2156 609 2166 706 ...ω
