2188 3447
0 0 137 91 111

819 221 1037 260 -7-

115 343 326 393 fabulas
378 361 602 410 graecas
651 345 723 393 ita
760 340 1050 414 versasset‚
1087 348 1141 391 ut
1167 342 1346 391 Livius
1395 339 1732 389 Andronicus

114 419 406 484 Odyssean]
439 420 599 469 vertit
620 422 695 485 ¹0),
733 424 786 469 ut
814 420 1012 469 Ennius
1039 418 1347 468 «Medeam»
1384 421 1438 465 et
1468 416 1734 464 Pacuvius

112 496 486 562 «Antiopam»,
521 514 741 563 quorum
788 496 1174 545 translationes
1220 499 1372 543 erant
1419 492 1482 541 ad
1516 493 1736 542 verbum

113 590 139 621 e
171 574 384 638 graecis
412 575 779 640 expressacfl),
816 590 988 639 neque
1028 572 1233 620 lusuuin
1269 571 1552 619 verborum
1586 574 1737 617 tanta

113 650 249 716 apud
283 667 398 699 cum
432 652 644 701 ubertas
671 654 814 700 esset
843 667 1013 715 neque
1063 665 1246 697 ansam
1277 647 1342 695 ad
1374 647 1621 696 Plautum
1652 663 1735 694 re-

114 727 550 794 prehendendum
576 727 828 777 Horatius
857 727 1163 786 haberet,ut
1192 725 1232 772 is
1261 741 1377 771 cuni
1402 728 1563 772 antea
1586 739 1735 788 prae-

112 805 362 870 cepisset:
399 822 506 852 vos
557 821 629 853 ex
653 804 994 868 einplaria
1034 824 1064 862 ‚c
1090 817 1308 851 racca
1348 816 1380 848 n
1406 817 1433 848 o
1461 817 1484 847 c
1510 804 1528 848 t
1553 817 1581 848 u
1605 816 1734 848 rna

109 885 406 929 versate
458 896 682 939 manu,
729 883 1040 928 versate
1089 878 1115 926 d
1142 878 1202 926 iu
1229 893 1376 937 rna,
1419 880 1607 941 postea
1636 877 1732 926 ad-

111 956 294 1005 deret:
368 961 437 1007 at
511 957 764 1006 vestri
833 955 1108 1021 proavi
1185 955 1608 1004 Plautinos
1663 958 1733 1003 et

110 1050 464 1083 numeros
519 1038 589 1083 et
665 1034 1088 1082 laudavere
1139 1033 1370 1094 sales,
1434 1031 1730 1080 nimium

107 1110 508 1177 patienter
557 1115 988 1176 utrumque,
1038 1126 1121 1160 ne
1168 1109 1411 1158 dicam
1458 1108 1725 1168 stulte,

108 1187 402 1247 mirati,
442 1187 502 1236 si
551 1187 756 1237 modo
820 1204 950 1253 ego
1003 1195 1071 1237 ct
1123 1203 1251 1236 vos
1299 1186 1586 1235 scimus
1637 1184 1731 1233 in-

106 1264 471 1314 urbanum
522 1265 778 1331 lepido
832 1280 1220 1330 seponere
1270 1262 1730 1327 (110101081-

105 1341 521 1408 timumque
577 1358 835 1392 sonum
885 1342 1174 1408 digitis
1231 1342 1610 1391 callemus
1661 1343 1728 1388 et

106 1434 258 1467 aure
282 1419 355 1483 18).
377 1418 574 1476 Quodsi
600 1419 855 1470 Horatius
881 1419 1162 1471 Plautinos
1192 1419 1332 1468 sales
1355 1417 1722 1485 reprehendit,

106 1493 204 1542 hoc
236 1497 317 1543 est
345 1498 720 1559 argumentum
745 1499 950 1545 certum
981 1494 1120 1543 sales
1147 1493 1266 1544 illos
1297 1493 1489 1543 Flacco
1515 1491 1726 1558 quidem

105 1585 209 1619 non
236 1587 262 1619 e
293 1571 504 1635 graecis
535 1586 838 1636 expressos,
872 1571 964 1621 sed
991 1573 1042 1621 in
1080 1571 1193 1620 solo
1225 1586 1446 1619 romano
1474 1586 1504 1618 a
1532 1570 1724 1619 Plauto

105 1664 222 1697 esse
253 1652 596 1713 procreatos;
625 1665 749 1698 nam
771 1650 994 1699 Flaccus
1023 1649 1239 1698 minime
1274 1646 1619 1714 reprehendit
1648 1663 1727 1696 sa·

103 1723 208 1774 lem
237 1725 662 1792 Atticu1n,que1n
683 1726 795 1792 ipse
829 1743 1037 1792 quoque
1065 1726 1116 1774 in
1147 1724 1327 1774 satiris
1351 1724 1458 1773 suis
1483 1723 1722 1772 imitatus

104 1817 220 1850 esse
274 1801 596 1867 videatuvffl).
631 1802 762 1853 Cum
806 1804 1027 1853 Plautus
1082 1803 1298 1867 longum
1353 1800 1547 1850 aetatis
1594 1815 1720 1848 suae

102 1879 297 1946 prioris
341 1883 546 1946 tempus
573 1881 625 1929 in
653 1898 850 1930 scaena
881 1881 1071 1948 quippe
1104 1878 1500 1929 comoediarum
1530 1877 1719 1927 histrio

99 2127 334 2175 entgangen
360 2122 433 2162 das
473 2122 680 2163 romische
707 2123 844 2163 Leben
872 2137 922 2163 zu
955 2122 1235 2175 graecisiren3
1267 2134 1310 2161 01·
1337 2120 1407 2160 hat
1434 2119 1507 2159 das
1535 2117 1718 2172 Spiegel-

103 2183 183 2224 bild
215 2184 287 2226 des
313 2186 519 2226 attischen
549 2188 702 2227 Lebens
732 2187 936 2227 wahrhaft
957 2185 1208 2226 romanisirt.
1238 2187 1292 2225 So
1322 2183 1420 2223 wird
1449 2183 1560 2223 seine
1590 2186 1721 2222 Kunst

98 2249 206 2290 auch
230 2250 337 2291 dann
361 2252 467 2292 noch
489 2251 660 2301 danem,
681 2266 797 2292 wenn
824 2252 973 2293 einmal
999 2252 1063 2291 die
1089 2249 1344 2291 freundliche
1370 2248 1477 2289 Erde
1504 2262 1583 2288 uns
1608 2247 1719 2288 seine

100 2313 304 2368 Originale
335 2317 697 2358 wiederschenken
744 2317 843 2357 wird
886 2316 966 2357 und
1011 2316 1097 2365 wir,
1130 2330 1200 2356 um
1228 2315 1352 2355 deren
1392 2312 1717 2366 Eigenschaften

95 2392 144 2419 zu
173 2380 393 2428 erkennen,
421 2380 532 2421 nicht
558 2381 674 2422 mehr
692 2382 755 2422 die
782 2381 1137 2434 verschlungenen
1166 2382 1299 2432 XVege
1316 2379 1480 2419 werden
1509 2392 1560 2418 zu
1582 2377 1717 2431 gehen

97 2443 320 2496 brauchen‚
350 2445 415 2486 die
444 2446 508 2486 ich
531 2446 606 2486 den
639 2452 757 2487 Leser
783 2447 886 2486 habe
912 2446 1058 2486 fuhren
1085 2452 1267 2487 mussen.
1295 2449 1351 2484 Zu
1373 2444 1444 2484 der
1470 2442 1718 2495 Bedeutung

95 2511 205 2550 eines
233 2511 393 2552 blossen
431 2511 809 2566 Sprachdenkmals
853 2512 1012 2552 werden
1041 2511 1105 2552 die
1148 2509 1452 2565 plautinischen
1486 2507 1717 2549 Komodien

94 2575 268 2616 niemals
295 2576 480 2618 Sinken».

177 2645 239 2689 16)
269 2641 322 2682 ef.
351 2641 585 2694 fragmenta
612 2642 823 2696 Odysseae
851 2641 1040 2685 Livianae
1067 2655 1162 2682 cum
1191 2640 1306 2682 initio
1334 2641 1443 2681 illius
1475 2640 1660 2682 Homeri.

175 2709 238 2756 17)
271 2706 406 2748 Cicer.
435 2707 484 2747 de
509 2706 657 2747 finibus
686 2714 715 2758 Ι,
745 2712 781 2749 4.

175 2775 238 2819 18)
270 2773 369 2812 Hor.
419 2778 506 2814 Art.
540 2779 651 2826 poet.
701 2776 774 2815 ‘263
820 2787 883 2827 sq.
930 2774 981 2815 cf.
1027 2774 1151 2814 etiarn
1194 2773 1327 2828 Epist.
1358 2777 1409 2822 11,
1441 2778 1476 2821 1,
1515 2776 1584 2813 170
1633 2785 1680 2826 sq
1705 2789 1711 2811 z

91 2836 330 2888 adspice
373 2837 619 2879 Plautus
664 2853 770 2893 quo
793 2846 962 2893 pacto
1011 2839 1201 2893 partis
1253 2846 1485 2880 tutetur
1531 2852 1713 2879 aman-

92 2900 167 2942 tis
217 2902 438 2956 ephebi,
493 2910 550 2942 ut
589 2904 777 2957 patris
804 2905 1037 2955 attenti,
1072 2905 1302 2946 lenonis
1332 2913 1389 2944 ut
1415 2904 1710 2956 insidiosi,

91 2973 343 3021 quantus
370 2967 435 3007 sit
489 2971 789 3009 Dossenus
819 2969 1102 3010 edacibus
1130 2970 1180 3009 in
1213 2969 1518 3023 parasitis,
1549 2984 1711 3024 quam

92 3044 194 3071 non
247 3031 542 3072 adstricto
573 3040 885 3086 percurrat
927 3034 1158 3088 pulpita
1206 3048 1390 3076 socco.

173 3101 239 3147 19)
271 3098 322 3139 cf.
354 3098 770 3150 Karsten-Schwach,
796 3100 977 3149 Quintus
1005 3101 1202 3142 Horatius
1226 3102 1401 3143 Flaccus
1423 3116 1522 3160 pag.
1549 3107 1611 3144 65.
