2188 3447
1160 199 1410 242 -23-

469 322 758 372 comoediis
785 322 1047 373 Plautinis
1069 324 1313 388 apertum
1340 326 1439 384 est,
1470 325 1526 371 ut
1556 337 1582 371 e
1613 322 1652 373 G
1676 339 1704 371 u
1724 339 1750 372 r
1773 339 1799 372 c
1817 323 1923 372 uli
1949 338 2027 372 on
2045 338 2093 384 e,

469 401 515 449 ΙΙ
550 405 596 457 ⁶2,
630 405 682 449 et
717 401 763 449 M
786 417 812 449 e
840 417 863 449 r
887 416 912 448 e
935 416 964 448 a
988 403 1006 447 t
1032 416 1058 448 o
1084 417 1109 449 r
1131 416 1177 459 e,
1214 401 1261 450 ΙΙ
1293 405 1332 459 1,
1371 399 1559 466 quibus
1591 399 1880 466 Cappadox
1911 403 1964 449 et
1992 400 2099 449 De-

469 476 646 539 mipho
673 493 824 525 suum
854 479 1078 541 uterque
1109 475 1374 524 somnium
1411 479 1687 535 enarrant,
1722 491 1841 524 eum
1869 474 2098 540 primum

470 551 520 598 in
551 567 799 600 scaenam
827 551 1110 616 prodeunt,
1142 551 1232 601 sed
1262 551 1423 600 etiam
1451 568 1515 600 ex
1539 552 1753 601 Electra
1777 549 2093 616 Sophoclea,

470 642 534 675 ex
561 628 795 688 flemma,
830 629 1110 694 Iphigenia
1138 628 1389 687 Taurica,
1424 628 1623 678 Persis.
1677 629 1790 678 Hoe
1845 626 1984 676 idem
2021 625 2099 675 vi-

470 703 650 752 demus
681 705 805 754 fieri
842 706 1005 755 etiam
1040 707 1090 754 in
1124 706 1232 755 vita
1269 706 1561 767 hominum,
1596 706 1684 772 qui
1719 721 1837 754 eum
1883 704 2099 753 videant

468 782 729 830 somnium
757 783 950 833 mirum
984 784 1081 832 hoe
1128 786 1385 833 enarrant
1441 784 1562 833 aliis
1609 783 1694 832 ubi
1743 782 1971 848 primum
2006 796 2097 830 eos
2140 847 2141 851 Ἰ

469 860 886 925 eonveiiiiiiit‘³⁵).

564 937 729 986 Multo
759 938 927 1001 magis
969 954 1126 1003 quam
1173 938 1223 986 in
1263 953 1289 988 «
1311 937 1350 988 C
1380 954 1410 987 a
1434 955 1463 1004 p
1487 942 1506 987 t
1528 938 1542 986 i
1564 937 1628 986 vi
1655 953 1722 988 s»
1755 935 2099 1003 perspicuum

468 1017 549 1061 est
581 1014 631 1061 in
658 1029 683 1063 ((
705 1015 737 1065 S
759 1019 777 1063 t
803 1014 818 1062 i
843 1031 867 1063 e
893 1015 923 1063 h
949 1032 976 1062 o
1006 1031 1032 1065 )>
1070 1030 1359 1080 personam
1385 1015 1610 1081 parasiti
1641 1030 1736 1081 per
1763 1011 2099 1062 contamina-

469 1089 671 1139 tionem
705 1108 734 1139 a
767 1092 957 1140 Plauto
994 1091 1306 1141 comoediae
1339 1092 1634 1142 immixtam
1662 1107 1800 1140 esse.
1841 1089 1972 1139 Cum
1996 1088 2100 1155 pri·
2139 1107 2141 1110 ¹

471 1183 610 1216 mum
645 1168 948 1217 Gelasimus
985 1168 1165 1232 prodit
1218 1169 1269 1217 in
1318 1184 1588 1230 scaenam,
1623 1171 1643 1219 Ι
1675 1173 1720 1229 3,
1755 1168 1934 1216 cantat
1969 1181 2100 1215 can-

468 1246 633 1294 t‘eum
663 1245 799 1312 quod
834 1245 1062 1311 parasiti
1095 1261 1290 1295 eanere
1323 1246 1590 1312 solontssss),
1619 1245 1783 1295 multa
1810 1242 1872 1292 de
1901 1258 1956 1291 se
1983 1257 2100 1291 ma—

469 1327 662 1388 treque
694 1340 791 1371 sua
820 1323 1067 1387 garriens
1093 1323 1352 1389 pluraque
1378 1322 1438 1371 de
1464 1321 1697 1370 moribus
1730 1319 2099 1384 mutatisque-

471 1399 777 1448 rens.Hune
803 1399 923 1449 inde
949 1416 979 1448 a
997 1417 1151 1449 versu
1173 1399 1465 1448 centesimo
1490 1397 1839 1463 nonagesimo
1861 1394 2098 1460 sexto‘ffa)

468 1475 735 1524 auscultat
775 1477 973 1525 aneilla
1007 1476 1289 1542 Epignomi
1320 1474 1647 1536 Crocotium,
1686 1489 1818 1540 quae
1861 1488 1892 1521 a
1921 1472 2100 1521 Pane-

470 1553 656 1617 gyride
689 1554 851 1602 missa
876 1558 975 1615 est,
1012 1558 1066 1602 ut
1091 1558 1396 1603 arcesseret
1421 1551 1811 1618 parasitu111⁶7);
1841 1548 1951 1598 adit
1979 1563 2099 1596 eum

472 1634 733 1697 rogattpie
766 1632 942 1680 verbis
974 1631 1348 1697 Panegyridis,
1382 1647 1562 1680 seeum
1602 1628 1781 1679 simitu
1817 1630 1871 1676 ut
1918 1629 2005 1675 eat
2034 1623 2099 1674 ad

470 1705 683 1756 domum
712 1709 846 1757 eius.
882 1709 1217 1774 Quamquam
1243 1708 1512 1774 parasitus
1542 1707 1859 1769 interrogat,
1893 1702 2015 1770 quid
2043 1718 2098 1751 se

468 1786 764 1850 Panegyris
796 1787 947 1848 velit,
983 1802 1156 1852 neque
1187 1786 1497 1836 Crocotium
1519 1785 1575 1851 ⁶⁸)
1604 1783 1732 1832 dicit
1765 1796 1936 1848 neque
1985 1779 2101 1846 ipsa

466 1864 652 1925 postea
674 1862 728 1926 GU)
771 1861 1091 1925 Panegyris.
2137 1860 2138 1866 ’

543 2001 608 2045 65)
636 1997 686 2037 es.
729 2004 892 2050 praeter
928 1997 1032 2037 alios
1060 1998 1279 2037 Platonem
1321 1996 1359 2036 in
1393 1994 1576 2044 Critone,
1613 1997 1659 2032 44
1703 1998 1780 2040 A,:
1814 1991 2101 2038 τεκμαίρομαι

465 2061 505 2095 δ’
533 2062 580 2096 ἔκ
599 2073 717 2105 τινος
740 2064 966 2103 ἐνυπνίου,
992 2063 1012 2095 ι”ι
1037 2063 1199 2109 ἑόρακα
1227 2062 1248 2097 ὁ
1267 2062 1291 2097 λ
1314 2065 1326 2097 ί
1346 2074 1370 2108 γ
1391 2073 1412 2097 o
1433 2073 1456 2096 ν
1493 2072 1523 2096 π
1546 2072 1567 2107 9
1585 2061 1606 2096 ό
1627 2071 1649 2094 τ
1671 2070 1690 2094 ε
1708 2070 1730 2105 ρ
1751 2069 1773 2094 o
1791 2068 1814 2092 v
1836 2056 2001 2094 ταύτης
2021 2051 2102 2093 τῆς

464 2123 637 2164 νυκτός·
663 2124 735 2157 καὶ
755 2122 1029 2164 κινδυνεύεῑς
1055 2123 1103 2157 ἐν
1131 2123 1262 2168 καιρῷ
1291 2133 1375 2156 τῑνι
1395 2121 1478 2157 οὐκ
1502 2121 1664 2166 ὲγεῖραὶ
1684 2129 1749 2165 με.
1780 2114 1945 2157 Initium
1980 2115 2101 2151 actus

466 2184 601 2238 primi.
633 2190 646 2224 Ι
676 2190 756 2227 1-2,
785 2199 808 2225 a
841 2186 988 2226 Plauto
1017 2200 1107 2226 esse
1131 2186 1317 2226 additum
1349 2185 1529 2226 indicant
1559 2184 1684 2225 etiam
1713 2180 2098 2235 inconsequentiae·
2135 2207 2137 2233 3

465 2262 570 2301 quas
592 2248 771 2289 ostendit
795 2255 1013 2301 Langenus
1038 2249 1075 2289 in
1107 2249 1193 2290 suis
1223 2249 1404 2290 «Studiis
1431 2248 1673 2295 Plautinis»,
1709 2260 1791 2301 pag
1834 2249 1908 2286 205
1935 2258 1993 2298 sq.

546 2317 612 2361 66)
638 2314 744 2365 Capt
782 2317 810 2352 1.
845 2318 878 2351 Ι.
910 2315 1017 2353 Men.
1047 2317 1076 2363 1,
1110 2318 1144 2352 ¹1.
1179 2311 1291 2353 Pers.
1328 2319 1355 2353 1.
1392 2317 1429 2354 Ξ.
1463 2314 1571 2353 Eun.
1607 2316 1656 2360 11,
1691 2314 1726 2352 2.

545 2382 634 2425 6621)
660 2379 757 2423 Leo,
798 2380 910 2419 Gett.
941 2377 1094 2420 Naehr.
1130 2381 1225 2418 1902
1255 2391 1337 2431 pag
1365 2383 1454 2428 375,
1485 2381 1514 2429 1)
1546 2383 1664 2431 putat
1694 2375 1939 2418 Crocotium
1971 2374 2101 2415 fuisse

467 2441 502 2480 in
535 2456 682 2482 scaena
718 2445 797 2482 iam
844 2450 1071 2497 antequam
1102 2443 1338 2484 Gelasimus
1382 2443 1559 2497 prodiit3
1582 2443 1691 2497 quod
1735 2441 1833 2482 mihi
1874 2455 1954 2482 non
1999 2440 2101 2481 satis

464 2508 713 2548 eredendum
743 2516 820 2559 est,
848 2509 880 2549 si
905 2509 1053 2549 aneilla
1080 2509 1237 2548 nullum
1272 2509 1444 2548 verbum
1473 2508 1580 2549 facit.
1612 2508 1850 2549 Putandum
1881 2513 1944 2548 est
1966 2506 2100 2560 magis

465 2574 710 2613 Crocotium
755 2588 833 2615 non
863 2581 1069 2623 actutum,
1115 2574 1290 2614 simulac
1318 2575 1368 2614 ab
1400 2588 1469 2613 era
1512 2588 1588 2614 sua
1631 2574 1744 2615 iussa
1772 2580 1850 2625 est,
1876 2573 2028 2614 abiisse
2047 2572 2100 2613 ad

466 2638 725 2679 Gelasimum
750 2640 1064 2689 arcessendum,
1091 2639 1161 2679 sed
1184 2639 1323 2692 aliqua
1350 2639 1399 2679 de
1418 2652 1546 2678 causa
1571 2638 1680 2679 intus
1704 2638 1962 2679 retardatam
1991 2650 2097 2681 esse,

466 2701 522 2745 ita
546 2713 587 2746 ut
611 2706 647 2745 in
665 2720 856 2746 scaenam
875 2705 1057 2760 prodiret
1075 2715 1344 2760 posteaquam
1361 2703 1596 2745 Gelasimus
1613 2704 1824 2758 prodierat
1837 2704 2016 2745 of.v.‘243
2034 2717 2096 2757 sq.

553 2778 619 2825 67)
643 2775 692 2813 vs.
727 2788 764 2814 v.
804 2778 875 2813 150
906 2787 968 2826 sq.

549 2844 612 2889 68)
646 2841 887 2893 Respondet
916 2840 1084 2893 quidem
1112 2837 1359 2880 Crocotium
1391 2844 1430 2876 «t
1450 2851 1468 2877 r
1491 2837 1553 2877 iti
1571 2836 1623 2877 ei
1656 2850 1694 2876 m
1713 2836 1842 2877 odio
1859 2849 1878 2876 s
1907 2835 1930 2876 d
1947 2848 2100 2877 ecem

479 2919 701 2957 rogare,
735 2905 954 2958 opinor,
983 2911 1041 2945 ut
1081 2919 1103 2944 a
1145 2904 1321 2944 vobis
1363 2909 1619 2943 mutuom
1665 2901 1839 2942 nobis
1881 2900 2098 2947 dares»,
2131 2909 2133 2916 '

467 2971 538 3011 sed
566 2970 656 3018 hoe,
686 2971 795 3023 quod
820 2971 906 3010 sine
935 2971 1059 3010 dubio
1091 2970 1240 3010 falsum
1271 2976 1347 3020 est7
1377 2968 1478 3008 dixit
1503 2967 1744 3011 Crocotium
1776 2966 1899 3012 modo
1918 2973 1965 3007 ut
1981 2978 2102 3026 para·
2130 2966 2132 3020 l

467 3036 597 3075 situm
625 3034 832 3074 irrideret.

546 3105 611 3152 69)
644 3103 675 3140 11
703 3104 739 3147 2.
