2188 3447
0 5 164 268 χ

798 198 1053 240 „11-

203 321 438 386 Propter
491 321 667 372 lusum
721 322 1006 370 verborum
1046 336 1222 369 serino
1258 319 1310 367 fit
1339 320 1731 383 inconsequens

109 397 272 447 etiam
296 398 347 446 in
377 399 718 460 Curculione,
757 416 806 449 v.
838 404 894 446 39
925 416 1027 464 sq„
1061 403 1114 444 4'1
1148 415 1248 462 sq„
1300 397 1417 447 tud.
1450 402 1535 444 371
1570 414 1649 461 sq.
1678 397 1733 443 ln

108 490 306 523 scaena
342 477 505 525 tertia
535 480 683 525 actus
720 476 939 525 secundi
969 474 1395 531 «Curculionis»,
1432 490 1549 521 cuin
1578 488 1733 537 [mrit-

111 550 243 599 situs
299 558 553 617 properet
601 553 992 603 Phaedromum
1056 552 1344 598 oonvarure
1386 551 1532 615 isque
1581 547 1733 596 valde

111 629 291 694 cupiat
321 631 523 679 certior
555 631 687 690 fleri,
744 630 862 695 quid
899 630 986 678 ille
1019 629 1070 677 in
1100 627 1260 677 Garja
1298 628 1513 687 feccrit,
1556 631 1734 674 tamen

112 704 270 754 niinis
309 707 477 756 multa
520 707 669 772 prius
700 707 863 755 verba
914 705 1039 754 (licit
1065 721 1219 771 quain
1253 704 1645 753 Phaedromum
1674 701 1734 750 de

112 797 206 829 sua
239 798 402 848 opera
434 784 636 832 certior
660 800 725 831 -111
760 783 912 832 facit.
952 785 1010 833 In
1043 781 1371 841 Cistellaria,
1409 783 1551 841 lX',l,
1579 782 1737 828 Laiu-

112 858 266 925 padio
300 876 415 909 cuin
446 861 672 926 primum
705 876 854 909 eram
884 876 1031 909 suain
1067 859 1247 909 videat
1293 859 1338 914 (s
1363 876 1389 908 e
1413 858 1440 906 d
1499 875 1524 906 e
1544 874 1568 905 e
1592 874 1665 905 ea
1687 874 1736 904 in

114 949 310 984 eram
347 935 412 983 vi
439 936 468 984 d
492 952 517 985 e
544 944 611 996 o‘,
646 939 837 1001 postea
864 939 1064 995 tamen,
1094 940 1148 984 ut
1197 952 1277 999 pu
1307 935 1507 984 erile
1557 951 1583 983 o
1604 934 1625 982 f
1648 934 1669 981 f
1690 933 1737 980 i-

77 1036 88 1046 ·
114 1025 139 1058 c
163 1009 298 1059 ium
333 1011 407 1060 fa
428 1027 452 1059 c
477 1011 490 1059 i
514 1016 585 1060 at
620 1012 886 1061 neminem
912 1012 963 1060 in
992 1012 1078 1061 via
1104 1011 1465 1076 conspicatur.
1489 1010 1635 1058 Haec
1664 1009 1737 1056 in-

112 1091 196 1137 ter
220 1103 276 1136 se
300 1088 622 1139 dissentiunt
649 1091 847 1156 absque
878 1106 1075 1154 graeco
1098 1092 1255 1155 poeta
1287 1088 1417 1137 oriri
1444 1089 1733 1153 nequeunt.

211 1165 386 1215 Nimio
415 1166 628 1217 ludendi
653 1168 827 1219 studio
875 1181 1135 1233 persaepe
1169 1167 1388 1216 Plautus
1419 1165 1613 1214 oblitus
1659 1167 1739 1214 est

115 1387 321 1428 culus?
368 1389 461 1442 qui
515 1395 906 1441 extergentur
950 1388 1204 1429 baxeae?
1245 1386 1398 1427 Pseud.
1443 1389 1556 1426 1193:
1600 1384 1740 1432 Quis

116 1451 168 1492 is
186 1459 202 1492 t
221 1466 243 1493 e
300 1467 322 1494 e
344 1466 362 1493 s
381 1460 398 1493 t
450 1459 477 1493 P
494 1468 512 1494 s
529 1468 550 1494 e
571 1469 594 1493 u
619 1453 641 1493 d
658 1454 708 1493 ol
731 1468 755 1493 u
776 1467 794 1494 s
818 1456 834 1492 ἱ)
883 1457 961 1499 (De
986 1453 1063 1493 hoe
1090 1466 1241 1505 genere
1269 1450 1427 1490 dicendi
1454 1450 1572 1502 plura
1601 1449 1740 1489 videas

116 1517 226 1571 apud
248 1517 498 1567 Vahlenum,
530 1516 655 1559 Indic.
691 1517 863 1558 Berolin
894 1518 1190 1565 MDCCCCII).
1221 1513 1479 1555 Menaechmi
1506 1514 1740 1565 interroga-

116 1583 202 1623 tio:
263 1597 437 1637 quem
486 1590 546 1623 tu
593 1583 951 1638 parasitum
1003 1581 1286 1635 quaeris,
1345 1580 1457 1619 adu
1484 1580 1737 1625 lescens,

119 1658 158 1685 m
180 1659 202 1686 e
224 1659 249 1685 u
271 1646 344 1685 m?
387 1652 548 1700 spectat
575 1645 660 1686 sine
699 1646 823 1686 dubio
871 1646 921 1685 ad
957 1646 1083 1685 verba
1113 1643 1290 1699 Cylindri
1314 1663 1322 1686 :
1381 1661 1396 1679 ι(
1419 1658 1440 1696 p
1457 1657 1514 1683 ar
1530 1657 1552 1682 a
1569 1641 1643 1683 sit
1660 1656 1684 1681 u
1702 1655 1739 1681 m

121 1718 176 1751 tu
192 1724 216 1751 o
233 1724 296 1751 m»
317 1711 813 1765 (quaero)v.281.Quodsi
841 1719 932 1764 post
954 1723 1138 1752 versum:
1161 1710 1251 1749 dix
1273 1710 1323 1749 in
1354 1710 1392 1749 ti
1412 1709 1462 1749 bi
1493 1724 1513 1749 e
1530 1723 1547 1748 s
1564 1723 1582 1749 s
1599 1722 1620 1748 e
1653 1707 1675 1747 h
1694 1707 1704 1747 i
1721 1721 1742 1747 c

119 1778 522 1834 sycophantas
553 1779 1060 1833 plurumos?etante
1082 1791 1269 1818 versum:
1302 1781 1471 1826 Quem
1503 1784 1558 1816 tu
1592 1790 1727 1831 para

119 1844 293 1884 situm
324 1858 348 1898 q
370 1845 597 1893 uaeris,
630 1845 695 1885 ad
718 1859 745 1884 u
766 1845 775 1884 l
796 1857 1018 1888 escens‚
1055 1858 1134 1884 me
1157 1858 1181 1883 u
1206 1857 1241 1882 m
1263 1845 1280 1882 ἱ)
1311 1842 1417 1882 alius
1440 1854 1585 1881 versus
1613 1841 1741 1880 inter-

119 1907 306 1959 cedebat,
326 1909 364 1949 in
388 1908 465 1950 hoc
490 1923 611 1950 versu
638 1909 960 1950 continuabatur
975 1908 1108 1950 oratio
1131 1907 1420 1956 Messenionis,
1445 1907 1563 1947 cuius
1587 1913 1742 1946 sentcn-

120 1975 176 2015 tia
191 1981 281 2015 erat
303 1974 417 2016 haec:
445 1974 541 2015 «sed
560 1982 605 2014 tu
630 1989 710 2016 non
730 1975 897 2015 voluisti
918 1975 1014 2015 mihi
1046 1974 1237 2015 credere·
1275 1973 1337 2013 vel
1371 1972 1466 2012 «sed
1495 1979 1538 2011 tu
1570 1984 1634 2011 ine
1667 1970 1742 2010 mi-

120 2040 182 2081 nis
206 2038 418 2080 insecutus
440 2053 507 2080 es»
534 2040 730 2084 (cf.v.375
750 2047 848 2094 sq.).
869 2038 1257 2091 Menaechmusqui
1287 2037 1425 2078 verba:
1461 2050 1481 2077 c
1496 2050 1517 2076 e
1535 2050 1552 2075 r
1568 2044 1583 2075 t
1603 2050 1624 2075 e
1657 2035 1679 2074 h
1696 2034 1706 2075 i
1723 2049 1744 2075 c

120 2106 173 2146 in
187 2118 206 2146 s
221 2119 243 2145 a
260 2120 285 2145 n
301 2120 327 2145 u
343 2118 362 2145 s
378 2111 394 2144 t
435 2105 460 2144 h
476 2118 500 2145 o
517 2119 555 2144 m
571 2118 618 2147 o:
651 2105 702 2145 ad
730 2105 1035 2146 Messenionem
1062 2117 1207 2144 versus
1230 2103 1341 2151 dicit,
1372 2116 1495 2151 nunc,
1521 2108 1743 2155 postquam

120 2171 327 2213 Messenio
355 2170 542 2211 dixerat:
597 2170 779 2211 dixin
820 2170 942 2210 tibi
973 2183 1108 2210 esse
1158 2168 1258 2208 hic
1310 2166 1744 2221 sycophantas

119 2237 223 2292 plu
243 2251 262 2277 r
283 2251 311 2277 u
330 2251 371 2277 m
390 2250 414 2277 o
430 2250 448 2277 s
469 2239 539 2292 ‘?<
555 2236 627 2277 sed
647 2243 694 2277 tu
720 2250 784 2277 me
811 2235 930 2276 minis
952 2235 1163 2276 insecutus
1188 2247 1231 2274 es
1248 2246 1284 2287 >
1303 2267 1310 2280 ‚
1332 2232 1458 2273 vertit
1478 2231 1612 2272 denuo
1635 2244 1678 2271 se
1693 2230 1745 2270 ad

121 2302 358 2356 cylindrum
385 2309 593 2358 etrogat:
625 2314 792 2356 quem
823 2307 884 2339 tu
919 2300 1274 2352 parasitum
1307 2296 1579 2352 quaeris,
1610 2296 1745 2336 adu-

120 2368 207 2410 les
227 2382 249 2409 c
269 2382 291 2409 e
311 2382 336 2408 n
352 2382 387 2418 s,
419 2382 458 2408 m
480 2381 502 2408 e
520 2382 548 2408 u
571 2369 645 2407 m?
674 2369 792 2406 Nunc
816 2365 939 2405 modo
964 2364 1217 2419 respondeat
1240 2371 1351 2404 recte
1376 2361 1592 2415 Cylindrus
1614 2380 1620 2402 z
1665 2364 1746 2401 Pe-

120 2434 306 2475 niculum
330 2447 502 2488 quaero.
533 2432 574 2474 si
598 2446 708 2473 nunc
737 2445 802 2472 res
828 2431 885 2471 ita
912 2444 955 2471 se
986 2430 1122 2479 habet,
1148 2430 1303 2470 rectius
1325 2428 1428 2475 Itali,
1458 2441 1564 2481 quos
1596 2427 1744 2468 Ussin-

122 2499 218 2554 gius
247 2505 289 2540 et
327 2499 489 2540 Brixius
516 2504 763 2552 sequuntur,
807 2496 1058 2537 vocabulum
1107 2509 1154 2549 «p
1175 2509 1196 2535 e
1216 2495 1271 2534 ni
1293 2508 1314 2534 c
1334 2508 1360 2534 u
1383 2493 1439 2534 lu
1464 2507 1524 2532 m·
1564 2494 1619 2545 (v.
1653 2495 1746 2545 286)

122 2563 299 2619 Cylindri
327 2577 419 2604 esse
445 2568 606 2618 putant.
653 2563 760 2603 Cum
795 2567 938 2601 tamen
961 2559 1017 2600 ita
1041 2559 1174 2600 oratio
1213 2573 1294 2599 non
1319 2558 1441 2599 modo
1484 2557 1625 2597 durior
1653 2557 1743 2607 fiat,

122 2629 195 2671 sed
221 2630 348 2671 etiam
370 2628 714 2670 verisimillimum
743 2626 796 2667 sit
820 2625 1119 2667 Messenionem
1142 2624 1409 2673 vocabulum,
1441 2624 1479 2663 in
1500 2637 1583 2677 quo
1609 2623 1746 2664 lusum

122 2695 234 2744 facit,
267 2695 454 2743 iterasse,
484 2701 530 2735 ut
558 2694 597 2734 in
620 2693 866 2737 Curculione
890 2706 929 2733 v.
957 2695 1184 2734 586-587:
1241 2697 1268 2728 Γ
1294 2690 1345 2731 bi
1395 2703 1419 2729 n
1436 2705 1461 2730 u
1480 2704 1504 2729 n
1524 2703 1544 2729 c
1593 2691 1624 2730 O
1644 2703 1671 2729 u
1692 2703 1710 2729 r
1729 2712 1748 2720 -

123 2761 436 2803 culionem
486 2759 969 2801 inveniam?—1n
1010 2758 1245 2812 trjtiioo
1292 2756 1623 2797 facillume
1658 2755 1748 2795 vel

122 2827 494 2882 quingentos
537 2838 947 2868 CURCULIONES
984 2838 1087 2879 pro
1131 2837 1235 2864 uno
1275 2824 1416 2863 faxo
1459 2820 1745 2875 reperias,

123 2893 243 2936 nobis
269 2893 433 2934 videtur
459 2900 556 2947 post
579 2906 747 2933 versum
776 2890 1105 2932 ducentesimum
1132 2888 1438 2941 octogesimum
1464 2886 1656 2940 quintum
1686 2887 1750 2925 al-

123 2964 187 3000 ter
209 2958 412 3000 excidisse
434 2971 598 3009 versus,
626 2958 697 3012 qui
720 2956 939 3011 incipiebat
962 2955 1107 2996 eodem
1141 2953 1356 3006 vocabulo,
1383 2966 1467 3006 quo
1508 2964 1655 2992 versus
1683 2964 1750 2991 se-

125 3037 258 3078 quens
281 3030 323 3064 et
348 3023 468 3064 cuius
493 3024 738 3064 sententiam
765 3021 871 3062 hanc
897 3028 1095 3075 putamus
1120 3019 1275 3062 fuisse:
1306 3017 1547 3058 Peniculum
1594 3029 1750 3075 quaero

128 3090 196 3136 ubi
225 3090 293 3144 sit,
320 3090 390 3147 qui
417 3096 554 3133 tecum
581 3096 682 3133 erat.
