2188 3447
249 775 533 826 Terentius
566 775 617 822 in
667 773 891 838 prologo
940 772 1272 833 comoediae,
1311 787 1444 838 quae
1472 771 1677 821 Andria
1714 770 1787 818 in-

155 853 426 912 scribitur,
482 851 798 916 praemiSSO‚
854 866 975 899 cum
1021 867 1075 899 se
1123 854 1344 899 excuset
1390 849 1450 897 de
1494 866 1571 908 re,
1624 864 1780 914 quam

154 928 548 993 vituperatores
579 927 659 975 sui
691 927 790 991 sibi
830 926 961 975 vitio
1000 926 1208 984 darent,
1249 925 1384 992 quod
1424 926 1477 974 in
1508 923 1781 974 vertendis

153 1005 363 1071 graecis
389 1003 783 1069 exemplaribus
806 1003 1016 1053 fabulas
1042 1001 1678 1062 contaminavissot,dicit
1702 1018 1778 1061 se,

155 1087 209 1132 ut
243 1082 292 1131 id
330 1081 559 1143 faceret,
617 1082 896 1141 Naevium,
933 1081 1202 1141 Plautum,
1253 1080 1478 1131 Ennium
1530 1082 1781 1128 auctores

152 1158 464 1224 habuisse¹).
497 1158 610 1207 Hoc
640 1157 881 1206 Terentii
914 1157 1299 1214 testimonium,
1339 1160 1394 1205 ut
1425 1155 1604 1205 omnia
1634 1158 1782 1202 vete—

151 1251 267 1284 rum
312 1234 638 1299 scriptorum
665 1233 994 1293 testimonia,
1051 1236 1131 1282 est
1162 1233 1316 1282 nobis
1348 1231 1563 1281 maximi
1593 1230 1773 1297 pretii,

151 1327 470 1379 quamquam
515 1328 577 1360 ex
610 1327 671 1360 eo
702 1327 807 1360 non
854 1311 1117 1360 certiores
1173 1311 1354 1370 fimus,
1411 1325 1545 1376 quae
1601 1307 1778 1358 Plauti

150 1385 366 1436 fabulae
423 1385 530 1435 sint
581 1385 974 1435 contaminatae
1000 1398 1229 1457 ψῃ
1284 1401 1516 1451 namque
1576 1384 1780 1433 Teren-

147 1463 270 1523 tius,
308 1462 396 1528 qui
431 1478 602 1528 pauca
634 1466 753 1528 post
787 1463 1035 1513 Plautum
1084 1462 1348 1512 decennia
1379 1461 1592 1522 vixerit,
1627 1464 1778 1526 pote—

150 1543 234 1590 rat
283 1539 536 1589 conferre
567 1539 870 1589 comoedias
899 1540 1179 1589 Plautinas
1220 1556 1338 1588 cum
1373 1538 1587 1605 graecis
1618 1537 1778 1586 fabu-

149 1617 233 1676 lis,
261 1617 397 1666 unde
440 1617 662 1667 Plautus
714 1634 836 1666 suas
869 1618 1070 1681 vertit3
1128 1617 1265 1684 quod
1313 1617 1467 1665 nobis
1497 1631 1526 1663 a
1555 1615 1777 1664 fortuna

147 1693 379 1744 invisum
406 1697 507 1744 est.
555 1694 737 1759 Neque
763 1697 886 1743 sunt
915 1693 1067 1742 nobis
1097 1693 1311 1743 traditae
1345 1709 1527 1742 omnes
1560 1708 1774 1741 comoe-

146 1764 264 1820 diae
298 1770 582 1820 Plautinae
620 1770 670 1817 iu
701 1786 765 1819 ea
795 1770 992 1830 forma,
1027 1786 1185 1836 quam
1218 1773 1376 1835 poeta
1414 1769 1491 1818 eis
1527 1767 1767 1828 dederat,

146 1848 241 1898 sed
284 1849 640 1897 multifariam
673 1847 978 1898 demutatae
997 1849 1036 1914 2)
1067 1861 1078 1912 3
1123 1847 1260 1914 quod
1288 1864 1401 1897 rem
1432 1863 1529 1913 per
1578 1863 1632 1895 se
1663 1845 1772 1895 dif-

147 1926 359 1987 ficilem,
426 1925 729 1974 comoedias
787 1925 1182 1975 contaminatas
1211 1926 1274 1974 ab
1326 1923 1768 1975 incontaminatis

143 2018 452 2061 secernere,
491 2001 848 2052 difficiliorem
884 2001 1037 2051 fecit.

238 2080 458 2129 Plautus
478 2078 531 2127 in
550 2078 823 2128 vertendis
840 2078 1053 2143 graecis
1077 2078 1274 2128 fabulis
1293 2094 1400 2127 non
1418 2076 1572 2126 inodo
1590 2080 1768 2125 trans-

142 2155 354 2206 ferebat
382 2172 446 2205 ex
474 2155 594 2205 aliis
632 2154 942 2215 comoediiS,
979 2171 1113 2222 quae
1161 2155 1512 2205 convenirent
1539 2154 1591 2203 in
1624 2169 1762 2213 eam,

141 2248 298 2299 quam
327 2236 540 2281 vertere
567 2231 667 2281 sibi
695 2233 1036 2295 instituisset,
1059 2238 1115 2283 ut
1143 2236 1520 2299 argumentum
1548 2246 1765 2279 coacer-

138 2309 351 2373 varet3),
382 2308 473 2358 sed
498 2308 661 2358 etiam
689 2313 830 2360 totos
856 2315 1003 2361 locos
1038 2312 1104 2360 in
1128 2311 1196 2361 te
1216 2327 1291 2376 gr
1314 2327 1340 2358 o
1364 2327 1386 2358 s
1423 2307 1763 2374 relinquebat

137 2385 382 2450 personis
434 2384 729 2435 minoribus
767 2387 1042 2454 omissis2).
1070 2389 1304 2453 Suntque
1355 2386 1518 2435 etiam
1551 2400 1761 2433 comoe-

138 2458 419 2527 diae,quae
445 2461 559 2510 sine
583 2461 691 2510 ulla
715 2462 1175 2514 contaminatione
1201 2480 1228 2513 e
1247 2461 1468 2513 Graecis
1491 2459 1761 2525 exempla-

136 2534 281 2585 ribus
311 2551 428 2585 esse
457 2552 750 2587 conversae
779 2537 1083 2590 videantur.
1114 2538 1213 2591 Sed
1237 2544 1345 2590 tam
1372 2539 1425 2587 in
1460 2537 1560 2598 his,
1603 2552 1760 2603 quam

135 2611 187 2662 in
216 2613 321 2663 illis
354 2614 734 2666 contaminatis
762 2620 886 2665 sunt
913 2617 1241 2685 multa,quac
1269 2619 1320 2667 in
1349 2616 1561 2683 graecis
1586 2629 1759 2665 exem—

133 2689 371 2756 plaribus
399 2706 517 2740 esse
546 2697 839 2759 nequeant.
870 2694 1003 2745 Cum
1030 2696 1253 2746 Plautus
1287 2695 1341 2744 in
1373 2694 1550 2744 animo
1588 2692 1756 2742 habe-

215 2901 252 2943 1)
282 2903 442 2939 Terent.
475 2898 600 2940 Andr.
624 2901 731 2953 prol.
764 2906 783 2941 8
811 2914 873 2954 sq.

213 2964 252 3014 2)
284 2964 382 3011 Leo,
411 2964 543 3004 Plaut.
571 2966 739 3006 Forscb.
767 2981 860 3021 pag.
892 2972 953 3009 50.
982 2967 1093 3020 Brix,
1124 2968 1283 3010 Einleit.
1310 2983 1359 3009 zu
1390 2969 1474 3009 Mil.
1502 2968 1606 3022 glor.
1637 2970 1696 3007 11.

208 3031 248 3072 3)
281 3033 372 3078 Leo,
400 3029 537 3071 Plaut.
568 3031 742 3073 Forsch.
776 3046 858 3085 pag
895 3036 959 3073 83.

215 3097 252 3143 4)
280 3094 420 3136 Casin.
453 3097 545 3150 prol
574 3102 637 3139 65.
661 3102 804 3139 Teren.
838 3099 996 3155 Adelph
1044 3101 1148 3156 prol.
1179 3106 1322 3144 9-ἱο,
