2188 3447
806 202 1049 249 ..31-

120 349 301 393 scene,
332 330 425 381 das
451 333 519 381 ist
546 334 638 395 gut
675 330 890 392 attisch;
925 329 991 377 da
1021 328 1116 377 der
1144 327 1372 383 Ἀλαζὼν
1424 325 1517 373 mit
1570 323 1744 371 einem

124 407 371 472 Vorspiel
399 407 631 471 begann,
688 421 745 453 so
801 405 947 453 hatte
999 404 1050 451 in
1091 403 1195 451 ihm
1244 401 1337 450 der
1370 398 1563 462 l'rolog
1601 396 1745 443 dies-e

120 485 283 536 Stelle
312 521 323 533 .
354 523 364 534 .
398 521 408 533 .
439 521 449 533 .
480 483 664 535 »Cum
697 481 1010 531 incredibile
1043 481 1111 529 sit
1146 496 1240 529 «ιιι
1266 480 1277 526 i
1306 482 1317 528 l
1343 480 1353 527 i
1383 484 1448 527 te
1476 495 1521 525 m
1583 475 1704 539 glo
1728 502 1750 508 -

122 562 240 611 rio
266 578 340 610 su
368 578 415 610 m
438 576 464 612 ))
495 576 683 610 carere
714 574 929 617 scaena,
957 574 1057 624 qua
1089 557 1409 622 depingatur
1441 554 1594 603 miles
1639 550 1750 613 glo-

123 639 324 688 riarum
351 640 561 703 plenus,
603 637 759 685 immo
791 636 840 683 in
874 637 970 683 hac
995 633 1272 682 comoedia
1299 632 1604 680 inveniatur
1632 627 1747 676 «die

120 716 436 781 gelungeste
459 711 1113 772 Charakterschilderung
1143 712 1290 758 eines
1332 707 1607 757 l‘ralilers»
1631 706 1751 767 (Lo-

124 794 269 859 renz)
303 790 747 841 consentiendum
783 793 864 838 est
889 805 1003 837 cum
1040 790 1239 847 Leone,
1296 788 1534 835 Plautum
1599 785 1752 831 inve-

120 870 262 919 nisse
291 869 397 917 iam
425 869 475 916 in
506 866 803 932 exemplari
840 881 1036 931 graeco
1088 866 1221 913 lianc
1274 880 1523 912 scaenam
1577 877 1747 927 neque

123 948 187 996 ab
216 962 278 995 eo
314 960 412 1010 per
450 943 962 993 contaminationem
992 942 1226 990 additam
1260 958 1398 990 esse.

221 1025 277 1073 In
309 1037 508 1071 scaena
539 1021 804 1087 sequenti,
838 1022 858 1070 Ι
886 1026 932 1081 Q,
965 1021 1141 1086 prodit
1175 1018 1497 1076 Palaestrio,
1527 1017 1612 1082 qui
1636 1016 1750 1081 pri-

123 1116 266 1149 mum
302 1103 521 1148 enarrat
554 1103 928 1163 argumentum
967 1098 1215 1159 fabulae;
1257 1096 1345 1144 sed
1375 1096 1423 1143 in
1456 1096 1551 1144 has·
1588 1110 1751 1143 enar-

124 1176 332 1228 ratione
367 1175 669 1225 Palaestrio
707 1176 920 1224 videtur
980 1175 1119 1224 scire
1170 1173 1305 1240 quod
1351 1173 1489 1221 scire
1528 1171 1746 1237 nequit:

121 1254 298 1315 «ei»,
336 1253 429 1314 ait,
472 1253 681 1302 scilicet
715 1253 920 1302 custodi
959 1253 1284 1301 concubinae
1331 1252 1535 1310 militis,
1575 1266 1601 1297 a
1623 1266 1655 1296 n
1680 1265 1705 1295 o
1729 1266 1750 1295 s

123 1331 424 1381 facetis
480 1330 814 1379 fabricis
871 1336 939 1379 et
976 1330 1232 1378 doctis
1282 1329 1483 1377 dolis
1524 1328 1751 1392 glau-

125 1422 401 1456 cumam
471 1407 545 1454 ob
610 1407 876 1454 oculos
943 1406 1368 1455 obiciemus
1438 1421 1591 1453 eum
1618 1419 1747 1468 que

123 1482 235 1532 ita
274 1483 660 1533 faciemus
715 1487 785 1531 ut
822 1499 902 1549 qu
932 1482 1013 1530 od
1072 1482 1353 1532 viderit
1408 1498 1486 1529 ne
1535 1479 1750 1528 vide-

126 1558 246 1608 rit.
292 1562 361 1607 et
399 1575 554 1608 mox
589 1574 670 1606 ne
715 1559 1022 1617 erretiS‚
1064 1559 1248 1607 haec
1288 1558 1598 1606 duarum
1636 1556 1750 1604 ho-

125 1634 245 1683 die
309 1634 548 1684 vicem
616 1646 945 1688 <suam>
1017 1637 1086 1683 et
1148 1635 1322 1683 hinc
1378 1640 1449 1684 et
1512 1634 1749 1682 illinc

125 1711 404 1761 mulier
463 1712 665 1761 feret
716 1712 1143 1777 imaginem,
1199 1717 1426 1778 atque
1493 1711 1750 1761 eadem

125 1788 299 1850 erit,
341 1806 598 1838 verum
658 1790 813 1838 alia
878 1806 1045 1838 esse
1114 1789 1675 1839 adsimulabitu
1703 1807 1746 1838 r.

125 1866 236 1915 ita
294 1868 747 1916 sublinetur
813 1885 887 1916 os
951 1867 1261 1916 custodi
1327 1868 1747 1919 mulieris».

123 1944 270 1994 Haec
301 1944 413 1992 sine
445 1943 602 1992 dubio
654 1945 968 1994 referuntur
1013 1945 1075 1993 ad
1119 1946 1314 2001 dolum,
1372 1963 1525 2011 quem
1562 1950 1750 2011 postea

129 2019 428 2069 Palaestrio
459 2036 576 2068 cum
601 2021 1061 2086 Periplectomeno
1091 2029 1281 2071 contra
1308 2022 1613 2072 Sceledrum
1640 2038 1752 2070 me-

127 2095 284 2146 ditati
320 2100 460 2157 sunt,
518 2113 636 2145 cum
675 2098 717 2145 is
747 2098 800 2146 in
829 2098 983 2147 domo
1041 2099 1488 2165 Periplectomeni
1525 2098 1749 2147 vidisset

129 2171 587 2221 Philocomasium
660 2177 818 2239 atque
879 2174 1198 2223 Pleusiclem
1260 2175 1573 2225 osculantis.
1633 2177 1751 2225 Jam

125 2247 450 2313 Dziatzlzo’10)
490 2249 696 2313 putavit
722 2249 1073 2299 secludendos
1120 2268 1237 2300 esse
1282 2268 1468 2300 versus
1502 2255 1748 2299 147-149

127 2328 185 2373 ut
211 2328 336 2389 pote
384 2325 450 2373 ab
505 2325 684 2391 aliquo
723 2328 1025 2391 posteriore
1083 2328 1310 2390 additos,
1366 2346 1470 2377 non
1501 2345 1530 2377 a
1569 2329 1749 2378 Plauto

125 2401 239 2467 ipso
267 2401 516 2466 scriptos;
554 2407 609 2451 at
644 2403 1108 2471 Trautweiniusffl)
1142 2407 1236 2455 hos
1267 2407 1537 2456 vindicare
1574 2423 1751 2455 susce-

125 2480 202 2545 pit
233 2495 488 2545 suamque
516 2481 798 2542 rationem,
835 2487 890 2531 ut
927 2483 1154 2544 videtur,
1188 2485 1354 2534 Leoni
1408 2484 1747 2551 probavitffl).

127 2557 458 2621 Quamquam
510 2560 655 2606 recte
693 2558 1085 2608 Trautweinius
1130 2560 1450 2626 particulam
1500 2576 1664 2622 nam,
1699 2578 1747 2609 v.

132 2636 240 2693 145,
276 2632 329 2680 in
360 2648 462 2698 qua
487 2634 803 2699 explicanda
832 2637 1125 2686 haeserunt
1158 2637 1569 2703 interpretesffi),
1603 2642 1751 2687 ante-

127 2706 433 2757 cedentium
462 2724 678 2759 causam
708 2711 1051 2762 introducere
1105 2714 1329 2778 putavit,
1390 2719 1628 2764 attamen
1663 2732 1753 2764 ce-

208 2888 275 2933 79)
305 2885 454 2927 Rhein.
485 2890 594 2929 Mus
621 2889 714 2929 Vol.
747 2894 886 2936 XXIX
915 2904 1014 2944 pag.
1045 2896 1105 2931 53.

211 2952 276 2997 80)
307 2951 368 2989 De
393 2949 662 3003 prologomm
689 2952 976 2994 Plautinoium
1000 2954 1133 2995 indole
1158 2963 1283 3009 atque
1312 2965 1462 2997 natura
1483 2972 1580 3012 pag.
1611 2963 1655 2998 47
1687 2972 1748 3012 51.

208 3015 280 3065 81)
307 3014 358 3054 cf.
385 3016 470 3055 Leo
497 3015 607 3056 adv
639 3020 711 3056 149
739 3026 779 3058 et
804 3018 1138 3062 Plaut.F01sch.
1172 3036 1268 3075 pag.
1305 3027 1385 3063 195
1423 3029 1491 3065 ‘221
1528 3037 1588 3077 sq.

210 3080 279 3123 82)
307 3077 359 3118 cf
394 3078 553 3119 Ritschl
580 3081 710 3133 praef.
736 3081 776 3121 in
797 3083 881 3124 Mil
908 3083 1019 3124 Glor
1049 3097 1132 3139 pag
1171 3091 1256 3127 XII.
