<?xml version="1.0" encoding="UTF-8"?>
<!DOCTYPE html PUBLIC "-//W3C//DTD XHTML 1.0 Transitional//EN"
    "http://www.w3.org/TR/xhtml1/DTD/xhtml1-transitional.dtd">
<html xmlns="http://www.w3.org/1999/xhtml" xml:lang="en" lang="en">
 <head>
  <title>
</title>
<meta http-equiv="Content-Type" content="text/html;charset=utf-8" />
  <meta name='ocr-system' content='tesseract 3.04.00' />
  <meta name='ocr-capabilities' content='ocr_page ocr_carea ocr_par ocr_line ocrx_word'/>
</head>
<body>
  <div class='ocr_page' id='page_1' title='image "./barbaraplautina00kakruoft_0039.png"; bbox 0 0 2188 3447; ppageno 0'>
   <div class='ocr_carea' id='block_1_1' title="bbox 808 183 1059 225">
    <p class='ocr_par' dir='ltr' id='par_1_1' title="bbox 808 183 1059 225">
     <span class='ocr_line' id='line_1_1' title="bbox 808 183 1059 225; baseline 0.004 -13"><span class='ocrx_word' id='word_1_1' title='bbox 808 183 1059 225; x_wconf 71' lang='lat'>...27-</span> 
     </span>
    </p>
   </div>
   <div class='ocr_carea' id='block_1_2' title="bbox 119 305 1757 2832">
    <p class='ocr_par' dir='ltr' id='par_1_2' title="bbox 119 305 1747 680">
     <span class='ocr_line' id='line_1_2' title="bbox 119 305 1746 378; baseline -0.007 -17"><span class='ocrx_word' id='word_1_2' title='bbox 119 327 202 371; x_wconf 73' lang='lat'>00,</span> <span class='ocrx_word' id='word_1_3' title='bbox 233 309 367 378; x_wconf 89' lang='lat' dir='ltr'>quod</span> <span class='ocrx_word' id='word_1_4' title='bbox 400 323 564 376; x_wconf 83' lang='lat' dir='ltr'>prope</span> <span class='ocrx_word' id='word_1_5' title='bbox 591 308 769 358; x_wconf 87' lang='lat' dir='ltr'>lenoni</span> <span class='ocrx_word' id='word_1_6' title='bbox 794 307 946 356; x_wconf 87' lang='lat' dir='ltr'>navis</span> <span class='ocrx_word' id='word_1_7' title='bbox 976 307 1025 355; x_wconf 92' lang='lat' dir='ltr'>in</span> <span class='ocrx_word' id='word_1_8' title='bbox 1055 305 1189 354; x_wconf 84' lang='lat' dir='ltr'>mari</span> <span class='ocrx_word' id='word_1_9' title='bbox 1223 305 1497 354; x_wconf 84' lang='lat' dir='ltr'>confracta</span> <span class='ocrx_word' id='word_1_10' title='bbox 1527 306 1626 364; x_wconf 86' lang='lat' dir='ltr'>est,</span> <span class='ocrx_word' id='word_1_11' title='bbox 1654 319 1746 367; x_wconf 82' lang='lat' dir='ltr'>pa-</span> 
     </span>
     <span class='ocr_line' id='line_1_3' title="bbox 120 379 1745 451; baseline -0.007 -15"><span class='ocrx_word' id='word_1_12' title='bbox 120 390 196 436; x_wconf 85' lang='lat' dir='ltr'>tet</span> <span class='ocrx_word' id='word_1_13' title='bbox 225 386 387 436; x_wconf 85' lang='lat' dir='ltr'>etiam</span> <span class='ocrx_word' id='word_1_14' title='bbox 413 402 478 435; x_wconf 83' lang='lat' dir='ltr'>ex</span> <span class='ocrx_word' id='word_1_15' title='bbox 507 402 590 446; x_wconf 80' lang='lat' dir='ltr'>eo,</span> <span class='ocrx_word' id='word_1_16' title='bbox 623 384 759 451; x_wconf 79' lang='lat' dir='ltr'>quod</span> <span class='ocrx_word' id='word_1_17' title='bbox 803 382 1092 433; x_wconf 83' lang='lat' dir='ltr'>Trachalio</span> <span class='ocrx_word' id='word_1_18' title='bbox 1124 382 1187 431; x_wconf 89' lang='lat' dir='ltr'>ad</span> <span class='ocrx_word' id='word_1_19' title='bbox 1223 382 1346 431; x_wconf 85' lang='lat' dir='ltr'>litus</span> <span class='ocrx_word' id='word_1_20' title='bbox 1395 382 1604 440; x_wconf 81' lang='lat' dir='ltr'>missus,</span> <span class='ocrx_word' id='word_1_21' title='bbox 1658 379 1745 445; x_wconf 77' lang='lat' dir='ltr'>qui</span> 
     </span>
     <span class='ocr_line' id='line_1_4' title="bbox 122 456 1742 523; baseline -0.006 -11"><span class='ocrx_word' id='word_1_22' title='bbox 122 463 241 512; x_wconf 84' lang='lat' dir='ltr'>illos</span> <span class='ocrx_word' id='word_1_23' title='bbox 265 462 465 512; x_wconf 83' lang='lat' dir='ltr'>amicos</span> <span class='ocrx_word' id='word_1_24' title='bbox 491 461 569 511; x_wconf 89' lang='lat' dir='ltr'>cri</span> <span class='ocrx_word' id='word_1_25' title='bbox 597 470 833 509; x_wconf 76' lang='lat' dir='ltr'>armatos</span> <span class='ocrx_word' id='word_1_26' title='bbox 857 461 908 509; x_wconf 89' lang='lat' dir='ltr'>in</span> <span class='ocrx_word' id='word_1_27' title='bbox 936 461 1115 508; x_wconf 78' lang='lat' dir='ltr'>urbem</span> <span class='ocrx_word' id='word_1_28' title='bbox 1141 457 1202 506; x_wconf 88' lang='lat' dir='ltr'>ad</span> <span class='ocrx_word' id='word_1_29' title='bbox 1228 462 1436 523; x_wconf 76' lang='lat' dir='ltr'>portum</span> <span class='ocrx_word' id='word_1_30' title='bbox 1463 457 1510 504; x_wconf 74' lang='lat' dir='ltr'>ci</span> <span class='ocrx_word' id='word_1_31' title='bbox 1537 456 1742 504; x_wconf 79' lang='lat' dir='ltr'>obviam</span> 
     </span>
     <span class='ocr_line' id='line_1_5' title="bbox 122 531 1747 601; baseline -0.006 -13"><span class='ocrx_word' id='word_1_32' title='bbox 122 539 199 588; x_wconf 85' lang='lat' dir='ltr'>ire</span> <span class='ocrx_word' id='word_1_33' title='bbox 227 540 455 599; x_wconf 78' lang='lat' dir='ltr'>iuberet,</span> <span class='ocrx_word' id='word_1_34' title='bbox 501 539 569 586; x_wconf 79' lang='lat' dir='ltr'>ibi</span> <span class='ocrx_word' id='word_1_35' title='bbox 597 544 784 586; x_wconf 77' lang='lat' dir='ltr'>nactus</span> <span class='ocrx_word' id='word_1_36' title='bbox 821 542 901 587; x_wconf 80' lang='lat' dir='ltr'>ost</span> <span class='ocrx_word' id='word_1_37' title='bbox 947 536 1187 601; x_wconf 74' lang='lat' dir='ltr'>Grripum,</span> <span class='ocrx_word' id='word_1_38' title='bbox 1228 535 1313 600; x_wconf 65' lang='lat' dir='ltr'>&lt;lui</span> <span class='ocrx_word' id='word_1_39' title='bbox 1348 534 1554 583; x_wconf 77' lang='lat' dir='ltr'>lenonis</span> <span class='ocrx_word' id='word_1_40' title='bbox 1594 531 1747 579; x_wconf 80' lang='lat' dir='ltr'>vidu-</span> 
     </span>
     <span class='ocr_line' id='line_1_6' title="bbox 123 616 845 680; baseline -0.001 -15"><span class='ocrx_word' id='word_1_41' title='bbox 123 622 227 666; x_wconf 83' lang='lat' dir='ltr'>lum</span> <span class='ocrx_word' id='word_1_42' title='bbox 260 616 309 664; x_wconf 90' lang='lat' dir='ltr'>in</span> <span class='ocrx_word' id='word_1_43' title='bbox 344 616 477 664; x_wconf 80' lang='lat' dir='ltr'>mari</span> <span class='ocrx_word' id='word_1_44' title='bbox 511 620 845 680; x_wconf 82' lang='lat' dir='ltr'>reppererat.</span> 
     </span>
    </p>

    <p class='ocr_par' dir='ltr' id='par_1_3' title="bbox 122 685 1757 2832">
     <span class='ocr_line' id='line_1_7' title="bbox 221 685 1742 757; baseline -0.006 -15"><span class='ocrx_word' id='word_1_45' title='bbox 221 695 278 743; x_wconf 91' lang='lat' dir='ltr'>In</span> <span class='ocrx_word' id='word_1_46' title='bbox 305 692 491 742; x_wconf 81' lang='lat' dir='ltr'>eodem</span> <span class='ocrx_word' id='word_1_47' title='bbox 525 696 641 741; x_wconf 85' lang='lat' dir='ltr'>actu</span> <span class='ocrx_word' id='word_1_48' title='bbox 674 692 866 757; x_wconf 74' lang='lat' dir='ltr'>primo,</span> <span class='ocrx_word' id='word_1_49' title='bbox 895 695 1175 757; x_wconf 71' lang='lat' dir='ltr'>postquam</span> <span class='ocrx_word' id='word_1_50' title='bbox 1209 687 1543 752; x_wconf 68' lang='lat' dir='ltr'>l&#39;lesidiplms</span> <span class='ocrx_word' id='word_1_51' title='bbox 1594 685 1742 744; x_wconf 78' lang='lat' dir='ltr'>abiit,</span> 
     </span>
     <span class='ocr_line' id='line_1_8' title="bbox 123 763 1747 835; baseline -0.007 -14"><span class='ocrx_word' id='word_1_52' title='bbox 123 770 414 835; x_wconf 87' lang='lat' dir='ltr'>Sceparnio</span> <span class='ocrx_word' id='word_1_53' title='bbox 447 769 620 818; x_wconf 86' lang='lat' dir='ltr'>cernit</span> <span class='ocrx_word' id='word_1_54' title='bbox 647 768 858 818; x_wconf 86' lang='lat' dir='ltr'>inmari</span> <span class='ocrx_word' id='word_1_55' title='bbox 897 767 1023 815; x_wconf 83' lang='lat' dir='ltr'>duas</span> <span class='ocrx_word' id='word_1_56' title='bbox 1062 766 1404 815; x_wconf 77' lang='lat' dir='ltr'>mulierculas</span> <span class='ocrx_word' id='word_1_57' title='bbox 1441 765 1491 812; x_wconf 89' lang='lat' dir='ltr'>in</span> <span class='ocrx_word' id='word_1_58' title='bbox 1547 763 1747 827; x_wconf 76' lang='lat' dir='ltr'>scapha</span> 
     </span>
     <span class='ocr_line' id='line_1_9' title="bbox 123 841 1748 911; baseline -0.006 -14"><span class='ocrx_word' id='word_1_59' title='bbox 123 847 265 897; x_wconf 87' lang='lat' dir='ltr'>solas</span> <span class='ocrx_word' id='word_1_60' title='bbox 298 846 552 906; x_wconf 80' lang='lat' dir='ltr'>sedentis,</span> <span class='ocrx_word' id='word_1_61' title='bbox 583 861 712 911; x_wconf 80' lang='lat' dir='ltr'>quas</span> <span class='ocrx_word' id='word_1_62' title='bbox 741 845 908 894; x_wconf 88' lang='lat' dir='ltr'>oculis</span> <span class='ocrx_word' id='word_1_63' title='bbox 935 845 1193 909; x_wconf 72' lang='lat' dir='ltr'>sequitur,</span> <span class='ocrx_word' id='word_1_64' title='bbox 1228 846 1281 892; x_wconf 86' lang='lat' dir='ltr'>ut</span> <span class='ocrx_word' id='word_1_65' title='bbox 1312 843 1537 891; x_wconf 81' lang='lat' dir='ltr'>miserae</span> <span class='ocrx_word' id='word_1_66' title='bbox 1564 841 1627 889; x_wconf 83' lang='lat' dir='ltr'>ab</span> <span class='ocrx_word' id='word_1_67' title='bbox 1655 856 1748 887; x_wconf 89' lang='lat' dir='ltr'>un-</span> 
     </span>
     <span class='ocr_line' id='line_1_10' title="bbox 123 919 1747 983; baseline -0.004 -11"><span class='ocrx_word' id='word_1_68' title='bbox 123 923 202 974; x_wconf 91' lang='lat' dir='ltr'>dis</span> <span class='ocrx_word' id='word_1_69' title='bbox 229 924 471 972; x_wconf 85' lang='lat' dir='ltr'>maximis</span> <span class='ocrx_word' id='word_1_70' title='bbox 503 922 871 983; x_wconf 76' lang='lat' dir='ltr'>adflictentur,</span> <span class='ocrx_word' id='word_1_71' title='bbox 915 927 968 971; x_wconf 88' lang='lat' dir='ltr'>ut</span> <span class='ocrx_word' id='word_1_72' title='bbox 998 922 1194 971; x_wconf 79' lang='lat' dir='ltr'>fluctus</span> <span class='ocrx_word' id='word_1_73' title='bbox 1228 921 1480 983; x_wconf 80' lang='lat' dir='ltr'>scapham</span> <span class='ocrx_word' id='word_1_74' title='bbox 1518 919 1582 966; x_wconf 85' lang='lat' dir='ltr'>ab</span> <span class='ocrx_word' id='word_1_75' title='bbox 1620 933 1747 965; x_wconf 73' lang='lat' dir='ltr'>saxo</span> 
     </span>
     <span class='ocr_line' id='line_1_11' title="bbox 122 994 1749 1061; baseline -0.006 -11"><span class='ocrx_word' id='word_1_76' title='bbox 122 1000 188 1050; x_wconf 87' lang='lat' dir='ltr'>ad</span> <span class='ocrx_word' id='word_1_77' title='bbox 213 1001 338 1051; x_wconf 87' lang='lat' dir='ltr'>litus</span> <span class='ocrx_word' id='word_1_78' title='bbox 365 1002 648 1061; x_wconf 82' lang='lat' dir='ltr'>avorterit,</span> <span class='ocrx_word' id='word_1_79' title='bbox 684 1004 739 1049; x_wconf 89' lang='lat' dir='ltr'>ut</span> <span class='ocrx_word' id='word_1_80' title='bbox 770 1001 999 1049; x_wconf 81' lang='lat' dir='ltr'>alteram</span> <span class='ocrx_word' id='word_1_81' title='bbox 1032 998 1169 1048; x_wconf 85' lang='lat' dir='ltr'>unda</span> <span class='ocrx_word' id='word_1_82' title='bbox 1202 998 1253 1046; x_wconf 89' lang='lat' dir='ltr'>in</span> <span class='ocrx_word' id='word_1_83' title='bbox 1282 996 1470 1045; x_wconf 72' lang='lat' dir='ltr'>vadum</span> <span class='ocrx_word' id='word_1_84' title='bbox 1526 994 1749 1043; x_wconf 76' lang='lat' dir='ltr'>eiecerit</span> 
     </span>
     <span class='ocr_line' id='line_1_12' title="bbox 124 1073 1750 1143; baseline -0.006 -17"><span class='ocrx_word' id='word_1_85' title='bbox 124 1081 283 1143; x_wconf 86' lang='lat' dir='ltr'>utque</span> <span class='ocrx_word' id='word_1_86' title='bbox 311 1077 487 1125; x_wconf 87' lang='lat' dir='ltr'>altera</span> <span class='ocrx_word' id='word_1_87' title='bbox 522 1077 572 1125; x_wconf 91' lang='lat' dir='ltr'>in</span> <span class='ocrx_word' id='word_1_88' title='bbox 595 1080 796 1125; x_wconf 81' lang='lat' dir='ltr'>terram</span> <span class='ocrx_word' id='word_1_89' title='bbox 829 1093 854 1125; x_wconf 91' lang='lat' dir='ltr'>e</span> <span class='ocrx_word' id='word_1_90' title='bbox 885 1077 1083 1140; x_wconf 86' lang='lat' dir='ltr'>scapha</span> <span class='ocrx_word' id='word_1_91' title='bbox 1110 1073 1406 1133; x_wconf 81' lang='lat' dir='ltr'>desiluerit,</span> <span class='ocrx_word' id='word_1_92' title='bbox 1428 1086 1599 1137; x_wconf 83' lang='lat' dir='ltr'>neque</span> <span class='ocrx_word' id='word_1_93' title='bbox 1627 1086 1750 1118; x_wconf 81' lang='lat' dir='ltr'>ocu-</span> 
     </span>
     <span class='ocr_line' id='line_1_13' title="bbox 123 1145 1749 1220; baseline -0.004 -19"><span class='ocrx_word' id='word_1_94' title='bbox 123 1152 203 1202; x_wconf 91' lang='lat' dir='ltr'>los</span> <span class='ocrx_word' id='word_1_95' title='bbox 239 1153 302 1202; x_wconf 86' lang='lat' dir='ltr'>ab</span> <span class='ocrx_word' id='word_1_96' title='bbox 333 1153 395 1202; x_wconf 83' lang='lat' dir='ltr'>iis</span> <span class='ocrx_word' id='word_1_97' title='bbox 423 1153 571 1218; x_wconf 87' lang='lat' dir='ltr'>prius</span> <span class='ocrx_word' id='word_1_98' title='bbox 606 1153 806 1203; x_wconf 76' lang='lat' dir='ltr'>avortit</span> <span class='ocrx_word' id='word_1_99' title='bbox 836 1169 991 1220; x_wconf 84' lang='lat' dir='ltr'>quam</span> <span class='ocrx_word' id='word_1_100' title='bbox 1020 1154 1083 1201; x_wconf 83' lang='lat' dir='ltr'>ab</span> <span class='ocrx_word' id='word_1_101' title='bbox 1116 1168 1208 1200; x_wconf 84' lang='lat' dir='ltr'>cro</span> <span class='ocrx_word' id='word_1_102' title='bbox 1237 1167 1329 1199; x_wconf 87' lang='lat' dir='ltr'>suo</span> <span class='ocrx_word' id='word_1_103' title='bbox 1355 1152 1624 1199; x_wconf 86' lang='lat' dir='ltr'>Dacmone</span> <span class='ocrx_word' id='word_1_104' title='bbox 1649 1145 1749 1194; x_wconf 82' lang='lat' dir='ltr'>sibi</span> 
     </span>
     <span class='ocr_line' id='line_1_14' title="bbox 126 1227 1750 1295; baseline -0.006 -15"><span class='ocrx_word' id='word_1_105' title='bbox 126 1244 344 1295; x_wconf 90' lang='lat' dir='ltr'>operam</span> <span class='ocrx_word' id='word_1_106' title='bbox 375 1230 491 1279; x_wconf 86' lang='lat' dir='ltr'>dari</span> <span class='ocrx_word' id='word_1_107' title='bbox 521 1229 722 1280; x_wconf 83' lang='lat' dir='ltr'>iussum</span> <span class='ocrx_word' id='word_1_108' title='bbox 751 1235 851 1280; x_wconf 84' lang='lat' dir='ltr'>est.</span> <span class='ocrx_word' id='word_1_109' title='bbox 908 1231 1006 1280; x_wconf 89' lang='lat' dir='ltr'>Hic</span> <span class='ocrx_word' id='word_1_110' title='bbox 1036 1229 1272 1278; x_wconf 70' lang='lat' dir='ltr'>videmus</span> <span class='ocrx_word' id='word_1_111' title='bbox 1309 1243 1490 1276; x_wconf 81' lang='lat' dir='ltr'>senem</span> <span class='ocrx_word' id='word_1_112' title='bbox 1528 1227 1750 1274; x_wconf 83' lang='lat' dir='ltr'>Daemo-</span> 
     </span>
     <span class='ocr_line' id='line_1_15' title="bbox 123 1300 1748 1374; baseline -0.005 -18"><span class='ocrx_word' id='word_1_113' title='bbox 123 1323 245 1357; x_wconf 91' lang='lat' dir='ltr'>nem</span> <span class='ocrx_word' id='word_1_114' title='bbox 265 1311 484 1372; x_wconf 83' lang='lat' dir='ltr'>praeter</span> <span class='ocrx_word' id='word_1_115' title='bbox 505 1324 559 1356; x_wconf 87' lang='lat' dir='ltr'>su</span> <span class='ocrx_word' id='word_1_116' title='bbox 573 1324 657 1356; x_wconf 88' lang='lat' dir='ltr'>am</span> <span class='ocrx_word' id='word_1_117' title='bbox 673 1308 929 1374; x_wconf 84' lang='lat' dir='ltr'>pietatem</span> <span class='ocrx_word' id='word_1_118' title='bbox 946 1308 1000 1371; x_wconf 71' lang='grc'>63)</span> <span class='ocrx_word' id='word_1_119' title='bbox 1032 1322 1138 1354; x_wconf 90' lang='lat' dir='ltr'>non</span> <span class='ocrx_word' id='word_1_120' title='bbox 1160 1304 1313 1354; x_wconf 85' lang='lat' dir='ltr'>modo</span> <span class='ocrx_word' id='word_1_121' title='bbox 1340 1304 1509 1369; x_wconf 85' lang='lat' dir='ltr'>ipsum</span> <span class='ocrx_word' id='word_1_122' title='bbox 1534 1300 1748 1350; x_wconf 83' lang='lat' dir='ltr'>minimo</span> 
     </span>
     <span class='ocr_line' id='line_1_16' title="bbox 123 1375 1749 1450; baseline -0.006 -18"><span class='ocrx_word' id='word_1_123' title='bbox 123 1383 424 1450; x_wconf 77' lang='lat' dir='ltr'>puellarum</span> <span class='ocrx_word' id='word_1_124' title='bbox 453 1383 719 1444; x_wconf 84' lang='lat' dir='ltr'>misereri,</span> <span class='ocrx_word' id='word_1_125' title='bbox 754 1383 845 1432; x_wconf 86' lang='lat' dir='ltr'>sed</span> <span class='ocrx_word' id='word_1_126' title='bbox 876 1382 1038 1431; x_wconf 88' lang='lat' dir='ltr'>etiam</span> <span class='ocrx_word' id='word_1_127' title='bbox 1075 1398 1229 1431; x_wconf 82' lang='lat' dir='ltr'>servo</span> <span class='ocrx_word' id='word_1_128' title='bbox 1261 1396 1354 1429; x_wconf 91' lang='lat' dir='ltr'>suo</span> <span class='ocrx_word' id='word_1_129' title='bbox 1394 1378 1499 1428; x_wconf 88' lang='lat' dir='ltr'>illis</span> <span class='ocrx_word' id='word_1_130' title='bbox 1538 1375 1749 1425; x_wconf 85' lang='lat' dir='ltr'>miseris</span> 
     </span>
     <span class='ocr_line' id='line_1_17' title="bbox 126 1454 1749 1526; baseline -0.006 -16"><span class='ocrx_word' id='word_1_131' title='bbox 126 1476 281 1526; x_wconf 90' lang='lat' dir='ltr'>opem</span> <span class='ocrx_word' id='word_1_132' title='bbox 313 1460 460 1509; x_wconf 87' lang='lat' dir='ltr'>ferre</span> <span class='ocrx_word' id='word_1_133' title='bbox 495 1459 729 1525; x_wconf 84' lang='lat' dir='ltr'>cupienti</span> <span class='ocrx_word' id='word_1_134' title='bbox 778 1460 876 1508; x_wconf 88' lang='grc' dir='ltr'>11οο</span> <span class='ocrx_word' id='word_1_135' title='bbox 926 1458 1272 1507; x_wconf 66' lang='lat' dir='ltr'>interdicere.</span> <span class='ocrx_word' id='word_1_136' title='bbox 1313 1457 1541 1504; x_wconf 83' lang='lat' dir='ltr'>Tantam</span> <span class='ocrx_word' id='word_1_137' title='bbox 1574 1454 1749 1502; x_wconf 87' lang='lat' dir='ltr'>inesse</span> 
     </span>
     <span class='ocr_line' id='line_1_18' title="bbox 125 1534 1749 1596; baseline -0.006 -10"><span class='ocrx_word' id='word_1_138' title='bbox 125 1537 242 1587; x_wconf 87' lang='lat' dir='ltr'>seni</span> <span class='ocrx_word' id='word_1_139' title='bbox 295 1536 670 1586; x_wconf 85' lang='lat' dir='ltr'>crudelitatem</span> <span class='ocrx_word' id='word_1_140' title='bbox 726 1537 877 1585; x_wconf 85' lang='lat' dir='ltr'>nobis</span> <span class='ocrx_word' id='word_1_141' title='bbox 929 1536 1015 1585; x_wconf 77' lang='lat' dir='ltr'>vix</span> <span class='ocrx_word' id='word_1_142' title='bbox 1065 1534 1319 1585; x_wconf 82' lang='lat' dir='ltr'>credibile</span> <span class='ocrx_word' id='word_1_143' title='bbox 1359 1542 1470 1595; x_wconf 83' lang='lat' dir='ltr'>est;</span> <span class='ocrx_word' id='word_1_144' title='bbox 1522 1546 1749 1596; x_wconf 79' lang='lat' dir='ltr'>namque</span> 
     </span>
     <span class='ocr_line' id='line_1_19' title="bbox 128 1610 1751 1682; baseline -0.006 -18"><span class='ocrx_word' id='word_1_145' title='bbox 128 1630 446 1682; x_wconf 87' lang='lat' dir='ltr'>quamquam</span> <span class='ocrx_word' id='word_1_146' title='bbox 475 1630 692 1663; x_wconf 87' lang='lat' dir='ltr'>causam</span> <span class='ocrx_word' id='word_1_147' title='bbox 721 1615 949 1664; x_wconf 86' lang='lat' dir='ltr'>habebat</span> <span class='ocrx_word' id='word_1_148' title='bbox 973 1618 1027 1662; x_wconf 84' lang='lat' dir='ltr'>ut</span> <span class='ocrx_word' id='word_1_149' title='bbox 1051 1614 1293 1663; x_wconf 87' lang='lat' dir='ltr'>homines</span> <span class='ocrx_word' id='word_1_150' title='bbox 1330 1610 1548 1670; x_wconf 85' lang='lat' dir='ltr'>odisset,</span> <span class='ocrx_word' id='word_1_151' title='bbox 1573 1613 1751 1657; x_wconf 87' lang='lat' dir='ltr'>tamen</span> 
     </span>
     <span class='ocr_line' id='line_1_20' title="bbox 129 1687 1752 1757; baseline -0.005 -16"><span class='ocrx_word' id='word_1_152' title='bbox 129 1695 246 1742; x_wconf 87' lang='lat' dir='ltr'>erat</span> <span class='ocrx_word' id='word_1_153' title='bbox 271 1692 428 1757; x_wconf 84' lang='lat' dir='ltr'>longe</span> <span class='ocrx_word' id='word_1_154' title='bbox 459 1690 732 1741; x_wconf 87' lang='lat' dir='ltr'>dissimilis</span> <span class='ocrx_word' id='word_1_155' title='bbox 762 1691 997 1741; x_wconf 82' lang='lat' dir='ltr'>Timonis</span> <span class='ocrx_word' id='word_1_156' title='bbox 1030 1691 1172 1740; x_wconf 88' lang='lat' dir='ltr'>illius</span> <span class='ocrx_word' id='word_1_157' title='bbox 1200 1688 1574 1751; x_wconf 82' lang='lat' dir='ltr'>Misanthropi.</span> <span class='ocrx_word' id='word_1_158' title='bbox 1599 1687 1752 1735; x_wconf 66' lang='lat' dir='ltr'>Prae-</span> 
     </span>
     <span class='ocr_line' id='line_1_21' title="bbox 129 1763 1753 1835; baseline -0.004 -17"><span class='ocrx_word' id='word_1_159' title='bbox 129 1771 280 1819; x_wconf 86' lang='lat' dir='ltr'>terea</span> <span class='ocrx_word' id='word_1_160' title='bbox 318 1769 628 1834; x_wconf 83' lang='lat' dir='ltr'>SceparniO,</span> <span class='ocrx_word' id='word_1_161' title='bbox 662 1769 749 1835; x_wconf 79' lang='lat' dir='ltr'>qui</span> <span class='ocrx_word' id='word_1_162' title='bbox 787 1769 837 1817; x_wconf 92' lang='lat' dir='ltr'>in</span> <span class='ocrx_word' id='word_1_163' title='bbox 871 1772 990 1818; x_wconf 87' lang='lat' dir='ltr'>actu</span> <span class='ocrx_word' id='word_1_164' title='bbox 1021 1768 1191 1834; x_wconf 87' lang='lat' dir='ltr'>primo</span> <span class='ocrx_word' id='word_1_165' title='bbox 1223 1766 1351 1815; x_wconf 74' lang='lat' dir='ltr'>vidit</span> <span class='ocrx_word' id='word_1_166' title='bbox 1389 1780 1570 1814; x_wconf 85' lang='lat' dir='ltr'>omnes</span> <span class='ocrx_word' id='word_1_167' title='bbox 1600 1763 1753 1828; x_wconf 78' lang='lat' dir='ltr'>puel-</span> 
     </span>
     <span class='ocr_line' id='line_1_22' title="bbox 125 1840 1752 1912; baseline -0.005 -18"><span class='ocrx_word' id='word_1_168' title='bbox 125 1844 305 1895; x_wconf 86' lang='lat' dir='ltr'>larum</span> <span class='ocrx_word' id='word_1_169' title='bbox 328 1845 380 1893; x_wconf 92' lang='lat' dir='ltr'>in</span> <span class='ocrx_word' id='word_1_170' title='bbox 404 1846 541 1894; x_wconf 90' lang='lat' dir='ltr'>mari</span> <span class='ocrx_word' id='word_1_171' title='bbox 570 1846 890 1895; x_wconf 85' lang='lat' dir='ltr'>iactationes</span> <span class='ocrx_word' id='word_1_172' title='bbox 913 1850 1071 1912; x_wconf 77' lang='lat' dir='ltr'>atque</span> <span class='ocrx_word' id='word_1_173' title='bbox 1092 1845 1143 1893; x_wconf 90' lang='lat' dir='ltr'>in</span> <span class='ocrx_word' id='word_1_174' title='bbox 1169 1849 1317 1893; x_wconf 87' lang='lat' dir='ltr'>terra</span> <span class='ocrx_word' id='word_1_175' title='bbox 1348 1841 1673 1900; x_wconf 71' lang='lat' dir='ltr'>errationes,</span> <span class='ocrx_word' id='word_1_176' title='bbox 1701 1840 1752 1886; x_wconf 90' lang='lat' dir='ltr'>in</span> 
     </span>
     <span class='ocr_line' id='line_1_23' title="bbox 127 1915 1752 1987; baseline -0.006 -16"><span class='ocrx_word' id='word_1_177' title='bbox 127 1926 250 1972; x_wconf 85' lang='lat' dir='ltr'>actu</span> <span class='ocrx_word' id='word_1_178' title='bbox 288 1922 542 1982; x_wconf 88' lang='lat' dir='ltr'>secundo,</span> <span class='ocrx_word' id='word_1_179' title='bbox 568 1924 615 1973; x_wconf 87' lang='grc' dir='ltr'>ΙΙ</span> <span class='ocrx_word' id='word_1_180' title='bbox 639 1928 685 1983; x_wconf 78' lang='grc'>7,</span> <span class='ocrx_word' id='word_1_181' title='bbox 719 1921 857 1972; x_wconf 90' lang='lat' dir='ltr'>idem</span> <span class='ocrx_word' id='word_1_182' title='bbox 890 1921 1002 1987; x_wconf 88' lang='lat' dir='ltr'>ipse</span> <span class='ocrx_word' id='word_1_183' title='bbox 1027 1920 1236 1969; x_wconf 78' lang='lat' dir='ltr'>videtur</span> <span class='ocrx_word' id='word_1_184' title='bbox 1261 1919 1510 1984; x_wconf 75' lang='lat' dir='ltr'>ignorare</span> <span class='ocrx_word' id='word_1_185' title='bbox 1537 1932 1671 1982; x_wconf 75' lang='lat' dir='ltr'>quae</span> <span class='ocrx_word' id='word_1_186' title='bbox 1702 1915 1752 1962; x_wconf 89' lang='lat' dir='ltr'>in</span> 
     </span>
     <span class='ocr_line' id='line_1_24' title="bbox 129 1996 1748 2065; baseline -0.006 -17"><span class='ocrx_word' id='word_1_187' title='bbox 129 2003 250 2049; x_wconf 87' lang='lat' dir='ltr'>actu</span> <span class='ocrx_word' id='word_1_188' title='bbox 287 1998 467 2065; x_wconf 88' lang='lat' dir='ltr'>priore</span> <span class='ocrx_word' id='word_1_189' title='bbox 504 1998 804 2064; x_wconf 61' lang='lat' dir='ltr'>videratffi).</span> <span class='ocrx_word' id='word_1_190' title='bbox 844 1997 1041 2056; x_wconf 77' lang='lat' dir='ltr'>Quodsi</span> <span class='ocrx_word' id='word_1_191' title='bbox 1096 2001 1244 2045; x_wconf 88' lang='lat' dir='ltr'>actus</span> <span class='ocrx_word' id='word_1_192' title='bbox 1297 1996 1517 2062; x_wconf 85' lang='lat' dir='ltr'>primus,</span> <span class='ocrx_word' id='word_1_193' title='bbox 1558 1996 1575 2043; x_wconf 91' lang='grc' dir='ltr'>Ι</span> <span class='ocrx_word' id='word_1_194' title='bbox 1612 1996 1748 2052; x_wconf 62' lang='grc' dir='ltr'>1-ἳ,</span> 
     </span>
     <span class='ocr_line' id='line_1_25' title="bbox 126 2067 1753 2139; baseline -0.005 -16"><span class='ocrx_word' id='word_1_195' title='bbox 126 2077 239 2124; x_wconf 89' lang='lat' dir='ltr'>tam</span> <span class='ocrx_word' id='word_1_196' title='bbox 270 2090 386 2123; x_wconf 90' lang='lat' dir='ltr'>cum</span> <span class='ocrx_word' id='word_1_197' title='bbox 418 2073 649 2122; x_wconf 85' lang='lat' dir='ltr'>secundo</span> <span class='ocrx_word' id='word_1_198' title='bbox 705 2090 862 2139; x_wconf 80' lang='lat' dir='ltr'>quam</span> <span class='ocrx_word' id='word_1_199' title='bbox 913 2090 1029 2122; x_wconf 87' lang='lat' dir='ltr'>cum</span> <span class='ocrx_word' id='word_1_200' title='bbox 1058 2073 1220 2122; x_wconf 88' lang='lat' dir='ltr'>tertio</span> <span class='ocrx_word' id='word_1_201' title='bbox 1269 2072 1559 2136; x_wconf 86' lang='lat' dir='ltr'>discrepat,</span> <span class='ocrx_word' id='word_1_202' title='bbox 1620 2067 1753 2116; x_wconf 83' lang='lat' dir='ltr'>nihil</span> 
     </span>
     <span class='ocr_line' id='line_1_26' title="bbox 128 2144 1754 2216; baseline -0.005 -16"><span class='ocrx_word' id='word_1_203' title='bbox 128 2150 270 2200; x_wconf 92' lang='lat' dir='ltr'>aliud</span> <span class='ocrx_word' id='word_1_204' title='bbox 299 2150 472 2200; x_wconf 89' lang='lat' dir='ltr'>conici</span> <span class='ocrx_word' id='word_1_205' title='bbox 498 2152 678 2215; x_wconf 88' lang='lat' dir='ltr'>potest</span> <span class='ocrx_word' id='word_1_206' title='bbox 706 2166 861 2216; x_wconf 81' lang='lat' dir='ltr'>quam</span> <span class='ocrx_word' id='word_1_207' title='bbox 890 2150 989 2198; x_wconf 87' lang='lat' dir='ltr'>hoc</span> <span class='ocrx_word' id='word_1_208' title='bbox 1014 2169 1021 2198; x_wconf 80' lang='lat' dir='ltr'>z</span> <span class='ocrx_word' id='word_1_209' title='bbox 1064 2148 1247 2213; x_wconf 77' lang='lat' dir='ltr'>graeci</span> <span class='ocrx_word' id='word_1_210' title='bbox 1296 2146 1616 2213; x_wconf 68' lang='lat' dir='ltr'>exemplaris</span> <span class='ocrx_word' id='word_1_211' title='bbox 1648 2144 1754 2194; x_wconf 89' lang='lat' dir='ltr'>ini-</span> 
     </span>
     <span class='ocr_line' id='line_1_27' title="bbox 128 2224 1755 2293; baseline -0.004 -16"><span class='ocrx_word' id='word_1_212' title='bbox 128 2228 260 2278; x_wconf 90' lang='lat' dir='ltr'>tium</span> <span class='ocrx_word' id='word_1_213' title='bbox 290 2228 458 2277; x_wconf 88' lang='lat' dir='ltr'>fuisse</span> <span class='ocrx_word' id='word_1_214' title='bbox 496 2243 769 2288; x_wconf 87' lang='lat' dir='ltr'>scaenam,</span> <span class='ocrx_word' id='word_1_215' title='bbox 808 2243 940 2293; x_wconf 83' lang='lat' dir='ltr'>quae</span> <span class='ocrx_word' id='word_1_216' title='bbox 988 2226 1124 2291; x_wconf 86' lang='lat' dir='ltr'>apud</span> <span class='ocrx_word' id='word_1_217' title='bbox 1183 2226 1429 2276; x_wconf 81' lang='lat' dir='ltr'>Plautum</span> <span class='ocrx_word' id='word_1_218' title='bbox 1478 2224 1641 2273; x_wconf 83' lang='lat' dir='ltr'>tertia</span> <span class='ocrx_word' id='word_1_219' title='bbox 1674 2227 1755 2271; x_wconf 85' lang='lat' dir='ltr'>est</span> 
     </span>
     <span class='ocr_line' id='line_1_28' title="bbox 128 2303 1756 2370; baseline -0.005 -16"><span class='ocrx_word' id='word_1_220' title='bbox 128 2306 278 2354; x_wconf 88' lang='lat' dir='ltr'>actus</span> <span class='ocrx_word' id='word_1_221' title='bbox 322 2303 500 2369; x_wconf 86' lang='lat' dir='ltr'>primi,</span> <span class='ocrx_word' id='word_1_222' title='bbox 550 2303 782 2370; x_wconf 87' lang='lat' dir='ltr'>duasque</span> <span class='ocrx_word' id='word_1_223' title='bbox 832 2303 1039 2370; x_wconf 78' lang='lat' dir='ltr'>priores</span> <span class='ocrx_word' id='word_1_224' title='bbox 1087 2320 1311 2353; x_wconf 75' lang='lat' dir='ltr'>scaenas</span> <span class='ocrx_word' id='word_1_225' title='bbox 1348 2319 1377 2351; x_wconf 84' lang='lat' dir='ltr'>a</span> <span class='ocrx_word' id='word_1_226' title='bbox 1416 2303 1605 2351; x_wconf 82' lang='lat' dir='ltr'>Plauto</span> <span class='ocrx_word' id='word_1_227' title='bbox 1661 2314 1756 2364; x_wconf 84' lang='lat' dir='ltr'>por</span> 
     </span>
     <span class='ocr_line' id='line_1_29' title="bbox 129 2376 1752 2440; baseline -0.005 -11"><span class='ocrx_word' id='word_1_228' title='bbox 129 2379 644 2430; x_wconf 74' lang='lat' dir='ltr'>contaminationem</span> <span class='ocrx_word' id='word_1_229' title='bbox 676 2378 883 2427; x_wconf 88' lang='lat' dir='ltr'>additas</span> <span class='ocrx_word' id='word_1_230' title='bbox 914 2395 1052 2428; x_wconf 90' lang='lat' dir='ltr'>esse.</span> <span class='ocrx_word' id='word_1_231' title='bbox 1082 2378 1297 2428; x_wconf 85' lang='lat' dir='ltr'>Initium</span> <span class='ocrx_word' id='word_1_232' title='bbox 1321 2376 1624 2435; x_wconf 85' lang='lat' dir='ltr'>Plautinae,</span> <span class='ocrx_word' id='word_1_233' title='bbox 1653 2390 1752 2440; x_wconf 83' lang='lat' dir='ltr'>quo</span> 
     </span>
     <span class='ocr_line' id='line_1_30' title="bbox 130 2454 1753 2521; baseline -0.004 -15"><span class='ocrx_word' id='word_1_234' title='bbox 130 2457 427 2506; x_wconf 84' lang='lat' dir='ltr'>Daemones</span> <span class='ocrx_word' id='word_1_235' title='bbox 456 2456 507 2505; x_wconf 91' lang='lat' dir='ltr'>in</span> <span class='ocrx_word' id='word_1_236' title='bbox 533 2471 784 2505; x_wconf 80' lang='lat' dir='ltr'>scaenam</span> <span class='ocrx_word' id='word_1_237' title='bbox 810 2455 1004 2521; x_wconf 87' lang='lat' dir='ltr'>prodit,</span> <span class='ocrx_word' id='word_1_238' title='bbox 1041 2455 1276 2505; x_wconf 82' lang='lat' dir='ltr'>alienum</span> <span class='ocrx_word' id='word_1_239' title='bbox 1301 2454 1467 2503; x_wconf 80' lang='lat' dir='ltr'>fuisse</span> <span class='ocrx_word' id='word_1_240' title='bbox 1499 2469 1524 2501; x_wconf 86' lang='lat' dir='ltr'>a</span> <span class='ocrx_word' id='word_1_241' title='bbox 1557 2467 1753 2518; x_wconf 75' lang='lat' dir='ltr'>graeco</span> 
     </span>
     <span class='ocr_line' id='line_1_31' title="bbox 133 2529 1757 2600; baseline -0.004 -17"><span class='ocrx_word' id='word_1_242' title='bbox 133 2533 428 2600; x_wconf 81' lang='lat' dir='ltr'>exemplari</span> <span class='ocrx_word' id='word_1_243' title='bbox 455 2532 685 2583; x_wconf 84' lang='lat' dir='ltr'>ostendit</span> <span class='ocrx_word' id='word_1_244' title='bbox 714 2535 1001 2598; x_wconf 88' lang='lat' dir='ltr'>praeterea</span> <span class='ocrx_word' id='word_1_245' title='bbox 1031 2532 1193 2582; x_wconf 88' lang='lat' dir='ltr'>etiam</span> <span class='ocrx_word' id='word_1_246' title='bbox 1224 2533 1343 2580; x_wconf 79' lang='lat' dir='ltr'>hoc:</span> <span class='ocrx_word' id='word_1_247' title='bbox 1375 2531 1639 2580; x_wconf 85' lang='lat' dir='ltr'>somnium</span> <span class='ocrx_word' id='word_1_248' title='bbox 1661 2529 1757 2578; x_wconf 81' lang='lat' dir='ltr'>ini-</span> 
     </span>
     <span class='ocr_line' id='line_1_32' title="bbox 132 2609 1756 2677; baseline -0.004 -17"><span class='ocrx_word' id='word_1_249' title='bbox 132 2627 265 2671; x_wconf 86' lang='lat' dir='ltr'>rum,</span> <span class='ocrx_word' id='word_1_250' title='bbox 293 2609 432 2677; x_wconf 86' lang='lat' dir='ltr'>quod</span> <span class='ocrx_word' id='word_1_251' title='bbox 463 2613 620 2660; x_wconf 89' lang='lat' dir='ltr'>nocte</span> <span class='ocrx_word' id='word_1_252' title='bbox 651 2610 894 2676; x_wconf 81' lang='lat' dir='ltr'>proxima</span> <span class='ocrx_word' id='word_1_253' title='bbox 927 2612 1224 2660; x_wconf 87' lang='lat' dir='ltr'>Daemones</span> <span class='ocrx_word' id='word_1_254' title='bbox 1259 2609 1546 2658; x_wconf 71' lang='lat' dir='ltr'>somniavit</span> <span class='ocrx_word' id='word_1_255' title='bbox 1593 2622 1756 2656; x_wconf 85' lang='lat' dir='ltr'>enar-</span> 
     </span>
     <span class='ocr_line' id='line_1_33' title="bbox 133 2684 1754 2753; baseline -0.004 -16"><span class='ocrx_word' id='word_1_256' title='bbox 133 2690 216 2737; x_wconf 85' lang='lat' dir='ltr'>rat</span> <span class='ocrx_word' id='word_1_257' title='bbox 245 2703 352 2737; x_wconf 93' lang='lat' dir='ltr'>non</span> <span class='ocrx_word' id='word_1_258' title='bbox 377 2704 497 2737; x_wconf 88' lang='lat' dir='ltr'>cum</span> <span class='ocrx_word' id='word_1_259' title='bbox 529 2686 759 2753; x_wconf 87' lang='lat' dir='ltr'>primum</span> <span class='ocrx_word' id='word_1_260' title='bbox 787 2687 839 2735; x_wconf 92' lang='lat' dir='ltr'>in</span> <span class='ocrx_word' id='word_1_261' title='bbox 866 2703 1115 2736; x_wconf 83' lang='lat' dir='ltr'>scaenam</span> <span class='ocrx_word' id='word_1_262' title='bbox 1146 2686 1341 2753; x_wconf 84' lang='lat' dir='ltr'>prodit,</span> <span class='ocrx_word' id='word_1_263' title='bbox 1408 2684 1499 2735; x_wconf 88' lang='lat' dir='ltr'>sed</span> <span class='ocrx_word' id='word_1_264' title='bbox 1548 2686 1600 2733; x_wconf 90' lang='lat' dir='ltr'>in</span> <span class='ocrx_word' id='word_1_265' title='bbox 1634 2687 1754 2733; x_wconf 84' lang='lat' dir='ltr'>actu</span> 
     </span>
     <span class='ocr_line' id='line_1_34' title="bbox 133 2760 1754 2832; baseline -0.004 -19"><span class='ocrx_word' id='word_1_266' title='bbox 133 2764 316 2829; x_wconf 84' lang='lat' dir='ltr'>tertio;</span> <span class='ocrx_word' id='word_1_267' title='bbox 357 2763 494 2832; x_wconf 85' lang='lat' dir='ltr'>quod</span> <span class='ocrx_word' id='word_1_268' title='bbox 523 2767 741 2830; x_wconf 85' lang='lat' dir='ltr'>praeter</span> <span class='ocrx_word' id='word_1_269' title='bbox 767 2780 974 2814; x_wconf 88' lang='lat' dir='ltr'>morem</span> <span class='ocrx_word' id='word_1_270' title='bbox 1003 2780 1121 2814; x_wconf 87' lang='lat' dir='ltr'>esse</span> <span class='ocrx_word' id='word_1_271' title='bbox 1153 2780 1259 2813; x_wconf 91' lang='lat' dir='ltr'>non</span> <span class='ocrx_word' id='word_1_272' title='bbox 1310 2762 1463 2812; x_wconf 89' lang='lat' dir='ltr'>modo</span> <span class='ocrx_word' id='word_1_273' title='bbox 1521 2778 1584 2810; x_wconf 79' lang='lat' dir='ltr'>ex</span> <span class='ocrx_word' id='word_1_274' title='bbox 1634 2760 1754 2809; x_wconf 87' lang='lat' dir='ltr'>aliis</span> 
     </span>
    </p>
   </div>
   <div class='ocr_carea' id='block_1_3' title="bbox 625 2895 835 2900">
    <p class='ocr_par' dir='ltr' id='par_1_4' title="bbox 625 2895 835 2900">
     <span class='ocr_line' id='line_1_35' title="bbox 625 2895 835 2900; baseline 0 0"><span class='ocrx_word' id='word_1_275' title='bbox 625 2895 835 2900; x_wconf 95' lang='lat' dir='ltr'> </span> 
     </span>
    </p>
   </div>
   <div class='ocr_carea' id='block_1_4' title="bbox 133 2951 1758 3126">
    <p class='ocr_par' dir='ltr' id='par_1_5' title="bbox 133 2951 1758 3126">
     <span class='ocr_line' id='line_1_36' title="bbox 212 2951 879 3004; baseline -0.001 -12"><span class='ocrx_word' id='word_1_276' title='bbox 212 2952 282 3004; x_wconf 84' lang='lat'>63)</span> <span class='ocrx_word' id='word_1_277' title='bbox 303 2951 354 2993; x_wconf 84' lang='lat' dir='ltr'>cf.</span> <span class='ocrx_word' id='word_1_278' title='bbox 384 2965 424 2994; x_wconf 89' lang='lat' dir='ltr'>v.</span> <span class='ocrx_word' id='word_1_279' title='bbox 452 2955 568 2993; x_wconf 77' lang='lat'><strong>1¹76.</strong></span> <span class='ocrx_word' id='word_1_280' title='bbox 602 2954 879 2992; x_wconf 74' lang='lat'>1193—1194.</span> 
     </span>
     <span class='ocr_line' id='line_1_37' title="bbox 213 3013 1758 3070; baseline -0.002 -14"><span class='ocrx_word' id='word_1_281' title='bbox 213 3019 274 3069; x_wconf 76' lang='lat'>64)</span> <span class='ocrx_word' id='word_1_282' title='bbox 304 3016 356 3057; x_wconf 85' lang='lat' dir='ltr'>cf.</span> <span class='ocrx_word' id='word_1_283' title='bbox 384 3030 422 3056; x_wconf 80' lang='lat' dir='ltr'>v,</span> <span class='ocrx_word' id='word_1_284' title='bbox 451 3020 518 3057; x_wconf 79' lang='lat'>561</span> <span class='ocrx_word' id='word_1_285' title='bbox 569 3029 631 3070; x_wconf 85' lang='lat' dir='ltr'>sq.</span> <span class='ocrx_word' id='word_1_286' title='bbox 663 3021 787 3058; x_wconf 86' lang='lat' dir='ltr'>noete</span> <span class='ocrx_word' id='word_1_287' title='bbox 811 3014 889 3056; x_wconf 82' lang='lat' dir='ltr'>hac</span> <span class='ocrx_word' id='word_1_288' title='bbox 916 3015 1083 3056; x_wconf 85' lang='lat' dir='ltr'>aiunt</span> <span class='ocrx_word' id='word_1_289' title='bbox 1111 3028 1312 3069; x_wconf 80' lang='lat' dir='ltr'>proxuma</span> <span class='ocrx_word' id='word_1_290' title='bbox 1344 3028 1387 3055; x_wconf 87' lang='lat' dir='ltr'>se</span> <span class='ocrx_word' id='word_1_291' title='bbox 1414 3013 1600 3060; x_wconf 83' lang='lat' dir='ltr'>iactatas,</span> <span class='ocrx_word' id='word_1_292' title='bbox 1633 3018 1758 3068; x_wconf 85' lang='lat' dir='ltr'>atque</span> 
     </span>
     <span class='ocr_line' id='line_1_38' title="bbox 133 3080 941 3126; baseline -0.001 -2"><span class='ocrx_word' id='word_1_293' title='bbox 133 3080 287 3124; x_wconf 78' lang='lat' dir='ltr'>eiectas</span> <span class='ocrx_word' id='word_1_294' title='bbox 313 3080 435 3125; x_wconf 87' lang='lat' dir='ltr'>hodie</span> <span class='ocrx_word' id='word_1_295' title='bbox 458 3095 550 3123; x_wconf 86' lang='lat' dir='ltr'>esse</span> <span class='ocrx_word' id='word_1_296' title='bbox 579 3095 603 3122; x_wconf 83' lang='lat' dir='ltr'>a</span> <span class='ocrx_word' id='word_1_297' title='bbox 624 3081 636 3121; x_wconf 92' lang='lat' dir='ltr'>i</span> <span class='ocrx_word' id='word_1_298' title='bbox 654 3095 679 3121; x_wconf 92' lang='lat' dir='ltr'>u</span> <span class='ocrx_word' id='word_1_299' title='bbox 695 3087 748 3121; x_wconf 88' lang='lat' dir='ltr'>nt</span> <span class='ocrx_word' id='word_1_300' title='bbox 775 3094 796 3121; x_wconf 90' lang='lat' dir='ltr'>e</span> <span class='ocrx_word' id='word_1_301' title='bbox 821 3081 941 3126; x_wconf 73' lang='lat' dir='ltr'>mari,</span> 
     </span>
    </p>
   </div>
  </div>
 </body>
</html>
