2188 3447
362 52 371 67 0

123 347 490 399 Menaechmis
521 349 588 406 11,
617 352 643 395 2
678 351 901 414 propter
929 351 1099 399 lusum
1128 350 1331 399 factum
1366 364 1542 398 sermo
1575 348 1639 397 fit
1669 349 1744 396 in-

122 441 494 492 consequens:

815 225 1034 266 -9-

119 531 194 567 273
278 528 402 568 GYL.
435 532 540 567 Bene
563 528 761 582 opsonavi
788 535 917 581 atque
944 542 993 568 ex
1018 542 1108 568 mea
1136 529 1353 575 sententia,

277 591 429 632 bonum
452 598 700 645 anteponam
735 592 950 645 prandium
978 593 1262 646 pransoribus.

118 659 192 695 ‘275
276 655 346 696 sed
375 651 518 696 eccum
545 655 860 696 Menaechmum
892 655 1022 697 video.
1063 670 1135 696 vac
1160 664 1281 708 tergo
1312 670 1417 703 meo,

277 721 390 774 prius
411 721 490 760 iam
515 720 712 760 convivae
740 720 956 760 ambulant
983 728 1078 761 anto
1105 722 1276 763 ostium.

275 799 399 839 quam
429 798 506 837 ego
527 792 731 838 opsonatu
763 786 898 825 redeo.
926 785 1046 826 adibo
1071 794 1197 840 atquc
1222 786 1425 839 alloquar.

275 849 542 890 Menaechme
565 850 690 889 salve.
729 852 859 890 ΜΕΝ.
889 849 937 890 Di
958 858 996 890 te
1020 853 1218 890 amabunt
1257 851 1449 904 quisquis
1475 865 1530 891 es.

278 916 401 955 CYL.
437 914 636 968 Quisquis
774 920 787 934 *
937 916 1085 969 <quis
1103 930 1140 970 >
1176 930 1255 969 ego
1286 915 1400 955 sim?

119 997 191 1034 280
276 993 407 1032 ΜΕΝ.
439 993 530 1032 Non
561 991 694 1032 hercle
723 1006 834 1033 vero.
871 995 992 1034 CYL.
1027 994 1103 1035 Ubi
1129 994 1327 1034 convivae
1348 994 1512 1034 ceteri?

277 1058 409 1098 MEN.
441 1059 556 1104 Quos
577 1064 620 1096 tu
640 1058 836 1098 convivas
857 1058 1059 1111 quaeris?
1090 1060 1213 1099 CYL.
1251 1059 1484 1098 Parasitum
1509 1066 1643 1097 tuom.

276 1124 407 1163 MEN.
442 1124 580 1162 Meum
610 1121 876 1176 parasitum?
904 1131 1015 1163 certe
1044 1123 1107 1164 hic
1130 1125 1317 1164 insanust
1347 1124 1484 1164 homo.

275 1188 411 1228 MEss
462 1186 583 1227 Dixin
608 1188 677 1226 tibi
703 1201 794 1228 esse
821 1187 886 1228 hic
915 1188 1197 1243 sycophantas
1228 1188 1482 1242 plurumos?

292 1271 1425 1284 ......................
1476 1245 1678 1301 (lacuna)

114 1320 188 1356 285
272 1317 405 1356 ΜΕΝ.
439 1318 574 1364 Quem
599 1323 644 1356 tu
670 1316 897 1369 parasitum
923 1318 1105 1370 quaeris,
1132 1318 1393 1365 adulescens,
1417 1320 1591 1358 meum?

274 1381 430 1421 Mass.
466 1380 706 1420 Peniculum
731 1394 876 1421 eccum
900 1381 940 1420 in
967 1381 1106 1422 vidulo
1131 1383 1290 1422 salvom
1325 1383 1423 1422 fero.

277 1446 398 1486 ΟΥΕ.
429 1444 698 1486 Menaechme
725 1459 901 1486 numero
926 1445 1096 1487 advenis
1118 1447 1169 1487 ad
1195 1447 1430 1501 prandium.

280 1523 389 1550 nunc
416 1516 621 1564 opsonatu
646 1510 769 1551 redeo
793 1543 1018 1553 .....

117 1602 176 1651 In
232 1600 330 1649 hae
384 1614 582 1647 scaena
621 1599 923 1663 Cylindrus,
970 1601 1142 1650 Erotii
1193 1617 1370 1661 cocus,
1397 1600 1534 1649 redit
1567 1616 1592 1648 e
1622 1599 1743 1648 foro

120 1693 242 1726 cum
272 1675 497 1742 prandio
529 1676 666 1725 bono
722 1680 1005 1742 opsonato.
1060 1677 1159 1726 Hic
1197 1694 1313 1726 cum
1362 1676 1581 1725 vidisset
1628 1676 1745 1725 Me-

118 1754 436 1803 naechmum
468 1754 515 1804 II
550 1770 591 1802 3.
628 1754 906 1814 Sosiclem,
939 1759 1161 1820 propter
1195 1752 1599 1804 similitudinem
1647 1755 1742 1818 pro

118 1831 469 1882 Menaechmo
502 1847 627 1880 erae
677 1847 804 1881 suae
854 1832 1025 1880 amico
1078 1833 1335 1893 habitum,
1377 1838 1499 1883 ante
1552 1831 1745 1880 ostium

120 1908 292 1959 Erotii
328 1909 623 1969 ambulare,
656 1909 1007 1959 familiariter
1033 1910 1185 1959 iussit
1221 1926 1342 1959 eum
1368 1911 1599 1959 salvere.
1630 1910 1745 1959 Me-

119 1987 414 2035 naechmus
454 1990 636 2052 utpote
669 1987 733 2035 ab
763 1987 947 2051 ignoto
1002 1988 1263 2037 salutatus
1297 1987 1584 2054 respondet
1617 2005 1624 2034 :
1667 1988 1744 2037 Di

116 2066 188 2112 te
234 2078 265 2111 a
290 2079 339 2112 m
361 2063 617 2123 abunt,
666 2065 1023 2131 quisquis
1062 2082 1088 2114 e
1115 2083 1157 2113 3.
1197 2064 1345 2122 Quod
1382 2065 1609 2114 miratur
1640 2064 1746 2129 Cy-

115 2139 771 2206 lindrus2Quisquis
813 2178 1066 2191 ......
1075 2142 1504 2207 <quis>ego
1567 2141 1747 2190 sim?

117 2214 287 2264 Huius
325 2214 678 2266 ducentesimi
707 2215 1167 2281 undeoctogesimi
1195 2233 1401 2277 versus,
1449 2217 1535 2283 qui
1583 2217 1744 2266 muti-

118 2293 256 2342 latus
305 2297 386 2342 est
434 2293 485 2341 in
530 2293 702 2353 libris,
756 2294 1024 2342 sententia
1075 2294 1188 2343 sine
1238 2294 1394 2343 dubio
1445 2299 1524 2343 est
1575 2296 1705 2344 haec
1733 2314 1741 2343 :

117 2369 404 2436 «Quisquis
438 2372 732 2421 su11112non
785 2375 838 2419 tu
891 2371 1014 2431 3013,
1083 2372 1450 2431 Menaechme,
1493 2372 1607 2438 quis
1646 2388 1745 2436 ego

118 2448 251 2499 sim»
284 2447 457 2513 (Leo).
498 2448 792 2514 Postquam
816 2448 1196 2497 Menaechmus
1229 2449 1534 2514 respondit:
1604 2465 1635 2496 n
1662 2466 1688 2497 0
1713 2465 1744 2496 n

118 2523 151 2573 h
175 2540 202 2573 e
227 2539 253 2571 r
275 2539 300 2572 c
324 2523 340 2572 1
364 2540 390 2572 e
429 2540 461 2571 v
481 2540 508 2573 e
534 2540 561 2572 r
586 2541 613 2572 0
651 2526 727 2590 (te
759 2525 913 2587 scio),
971 2523 1254 2588 Cylindrus
1291 2530 1447 2588 rogat
1505 2526 1589 2573 ubl
1641 2525 1747 2573 sint

121 2601 289 2651 ceteri
321 2602 617 2652 eonvivae‘.2
669 2602 820 2651 Hanc
866 2603 1349 2667 interrogationem
1397 2606 1445 2651 et
1478 2618 1610 2668 quae
1658 2620 1747 2651 se-

121 2683 358 2744 quuntur·
386 2695 550 2746 usque
581 2678 646 2728 ad
677 2696 890 2729 versum
914 2680 1337 2729 ducentesimum
1359 2680 1747 2744 octogesimum

124 2755 412 2819 septimum
446 2770 476 2803 a
503 2755 694 2804 Plauto
725 2771 844 2804 esse
875 2756 1216 2816 intercalata,
1250 2760 1306 2804 ut
1329 2754 1475 2803 lusus
1505 2756 1656 2804 fieret
1694 2756 1747 2803 in

122 2830 399 2880 vocabulis
439 2831 482 2880 P
502 2846 529 2879 e
554 2831 623 2880 ni
649 2848 674 2880 c
693 2832 814 2880 ulo
849 2861 898 2867 -
923 2850 951 2898 p
975 2848 1051 2882 en
1073 2833 1089 2880 i
1113 2849 1138 2880 c
1162 2832 1295 2893 1110,
1357 2831 1588 2882 ostendit
1641 2847 1746 2880 non

127 2907 281 2957 modo
313 2909 577 2957 sermonis
607 2910 1072 2976 inconsequentia,
1108 2926 1240 2977 quae
1297 2916 1377 2960 est
1431 2917 1552 2974 post
1585 2912 1748 2960 verba

123 2986 459 3037 Menaechmi
495 3001 561 3038 «n
586 3004 613 3036 0
637 3004 671 3036 11
707 2989 739 3038 11
765 3004 791 3037 e
816 3005 842 3037 r
864 3005 890 3038 c
917 2989 933 3038 1
958 3006 983 3038 e
1027 3007 1058 3036 v
1081 3006 1107 3039 e
1132 3006 1158 3038 r
1179 2990 1322 3056 enfl),
1365 2994 1416 3039 et
1452 2989 1543 3039 illa
1573 2989 1747 3038 altera,

206 3118 272 3163 ζ21)
309 3113 420 3154 Haec
444 3127 550 3168 quae
574 3114 738 3155 videtur
764 3116 1098 3170 inconsequentia
1125 3124 1259 3170 potest
1286 3116 1466 3170 quodam
1498 3116 1619 3156 modo
1651 3129 1746 3169 pro-
